2670 4336
165 218 227 276 250
545 217 597 271 DE
614 216 732 272 BELLO
751 215 865 273 CIVILI

159 411 217 470 que
231 397 283 470 est,
304 409 341 450 ne
356 409 399 467 ea,
420 410 496 467 quae
510 392 688 468 accidissent,
711 393 838 469 graviter
859 390 980 466 ferrent,
1001 409 1076 451 neve
1090 390 1137 450 his
1152 391 1242 452 robus

128 491 129 499 ¹
160 482 334 539 terrerentur
359 477 516 553 multisque
547 478 680 537 secundis
706 477 821 553 proeliis
849 495 940 536 unum
968 476 1122 536 adversum
1152 481 1182 536 et
1210 477 1242 535 id

122 572 138 621 3
159 563 303 623 mediocre
317 568 504 638 opponerent
537 562 712 623 Habendam
726 561 862 622 fortunae
877 562 1008 638 gratiam,
1030 561 1110 637 quod
1125 562 1243 621 Italiam

160 649 222 708 sine
244 649 342 723 aliquo
364 648 483 708 vnlnere
505 648 660 724 cepissent,
688 648 769 723 quod
789 648 862 707 duas
885 647 1040 721 Hispanias
1062 646 1244 707 bellicosissi-

160 752 274 793 morum
297 732 447 792 hominum
469 733 646 809 peritissimis
668 737 756 808 atque
782 732 1025 793 exercitatissimis
1047 732 1172 792 ducibus
1194 750 1245 806 pa·

161 821 312 894 cavissent,
335 817 413 893 quod
434 817 575 878 finitimas
596 817 859 894 frumentariasque
880 817 1042 893 provincias
1064 819 1096 876 in
1118 822 1244 893 potestu-

161 909 220 964 tem
242 903 432 980 redegissent3
463 903 587 980 denique
608 903 753 963 recordari
775 904 893 979 debere,
922 921 981 978 qua
1006 900 1147 962 felicitate
1169 903 1245 962 inter

163 989 272 1048 medias
293 987 419 1048 hostium
441 989 545 1048 classes
568 990 692 1064 oppletis
713 1006 773 1047 non
794 990 888 1048 solnm
911 988 1059 1064 portibus,
1081 988 1132 1047 sed
1157 988 1244 1048 ctiam

125 1074 293 1134 tlitoribus
322 1091 422 1133 omncs
447 1075 605 1134 incolumes
634 1079 730 1134 essent
758 1076 956 1150 transportati.
1000 1073 1031 1133 Si
1059 1091 1119 1132 non
1148 1072 1246 1132 omnia

163 1160 298 1219 caderent
319 1158 454 1235 secunda,
475 1157 623 1219 fortunam
646 1177 709 1219 esso
729 1159 872 1218 industria
893 1158 1113 1219 sublevandam.
1159 1157 1246 1232 Quod

163 1249 237 1304 esset
252 1248 402 1320 acceptum
423 1244 594 1322 detrimenti,
616 1244 744 1303 cuiusvis
762 1246 861 1319 potius
884 1262 972 1321 quam
987 1261 1058 1303 suae
1072 1244 1177 1320 culpae
1200 1243 1246 1303 de

126 1331 231 1390 ubere
252 1329 349 1389 tribui.
379 1329 489 1389 Locum
511 1347 542 1389 se
556 1347 683 1405 aequum
699 1329 736 1388 ad
759 1329 954 1389 dimicandum
977 1328 1097 1405 dedisse,
1119 1328 1246 1404 potitum

163 1433 195 1475 se
217 1433 278 1475 esse
300 1413 427 1474 hostium
450 1415 556 1490 castris,
578 1415 722 1488 expulisse
743 1432 779 1474 ac
799 1432 950 1491 superasse
971 1418 1147 1490 pugnantes.
1190 1413 1248 1473 Sed

163 1501 224 1560 sive
245 1502 375 1574 ipsorum
404 1499 582 1576 perturbatio
610 1499 671 1560 sivo
692 1517 771 1560 error
797 1500 901 1576 aliquis
929 1500 990 1560 sive
1012 1501 1101 1559 etiam
1130 1498 1249 1559 fortuna

165 1647 195 1700 in
220 1644 394 1714 sllnugrolier
419 1646 496 1700 Nilne
523 1647 570 1703 des
592 1647 679 1702 feind·
732 1650 789 1701 tam
807 1685 814 1700 .
832 1687 841 1700 .
859 1685 866 1700 .
882 1646 1047 1701 inlustribus
1068 1649 1247 1714 oppouuutur

165 1714 255 1768 lichen
273 1715 377 1794 Lagcrs
395 1714 530 1769 befinden.
731 1714 765 1769 ab
783 1714 825 1782 iis,
846 1715 895 1837 {ui
912 1718 1006 1769 coutra
1018 1714 1170 1783 dispumat,
1187 1713 1246 1792 pri·

200 1787 223 1837 2.
246 1783 392 1852 multusque
503 1786 678 1853 opponerent.
730 1800 807 1837 mum
825 1783 853 1838 lu
871 1799 938 1850 ores,
961 1783 1008 1852 qui
1024 1782 1083 1836 siut
1164 1785 1247 1837 sauu-

165 1851 241 1905 Nach
259 1852 347 1906 einem
365 1851 514 1920 negotium
529 1851 611 1907 Setae
629 1852 679 1906 hat
730 1851 827 1919 ucesiu
854 1852 937 1906 Acad.
960 1868 1001 1920 pr.
1026 1856 1075 1913 64;
1101 1852 1135 1905 de
1157 1850 1204 1904 fin.
1222 1855 1245 1918 2,

165 1919 225 1973 eine
247 1919 403 1988 copulative
425 1919 549 1974 Partikel
572 1921 613 1975 oft
634 1921 679 1975 die
730 1925 779 1986 42;
801 1919 1085 1986 Tusc.2‚16;Verr.
1107 1923 1133 1984 4,
1151 1923 1198 1983 75;
1224 1923 1248 1982 5,

165 1988 330 2058 Bedeutung
351 1989 398 2043 des
421 1988 612 2043 adversativen
632 1988 680 2043 red
731 1993 760 2051 2;
778 2004 805 2057 p.
824 1987 902 2043 (laec.
922 1992 967 2052 653
985 2006 1011 2057 p.
1029 1987 1091 2057 Lig.
1110 1991 1156 2053 213
1174 1985 1249 2042 Phil.

166 2056 231 2124 lvgl.
250 2073 283 2111 zu
303 2061 325 2122 1,
343 2061 397 2122 6,6
413 2057 616 2126 paludatiqueu
636 2057 678 2111 oft
733 2061 773 2125 10,
794 2059 824 2110 18
843 2072 911 2112 usw.

166 2124 235 2178 wind
252 2126 316 2179 aber
334 2125 403 2179 auch
420 2125 468 2179 der
484 2125 613 2193 negative
627 2125 679 2180 Ge-
767 2131 790 2179 3.
808 2124 868 2179 siue
892 2124 985 2194 aliquo
1003 2123 1122 2178 uulucre.
1157 2122 1184 2176 S.
1203 2123 1250 2176 da·

165 2192 254 2246 danke
266 2193 350 2247 durch
363 2195 395 2257 et,
408 2196 497 2262 atquc,
510 2210 560 2261 quc
571 2193 679 2247 weiter-
731 2208 788 2314 gap
1210 2259 1216 2270 .

166 2259 286 2327 geillhrt,
314 2277 343 2315 so
370 2259 422 2340 dall
449 2262 518 2314 nach
544 2278 579 2315 ua
601 2278 626 2314 a.
646 2261 679 2315 B.
731 2278 768 2315 ou
779 2277 851 2315 ucrc.
881 2260 993 2342 Aliquis
1010 2260 1086 2315 steht
1103 2259 1173 2314 nach
1190 2275 1251 2340 saue

165 2335 421 2475 litaiflilll‘
434 2329 680 2476 saultoit?
731 2329 1252 2477 tllztsstlllllllstultiut

165 2466 226 2517 cartu
245 2465 402 2519 cuderentur
418 2481 511 2518 murus
539 2483 578 2520 ue
597 2466 679 2519 detru-
731 2465 809 2519 berde
832 2413 1005 2534 {legationen
1031 2465 1161 2519 einander
1188 2464 1250 2519 auf-

165 2536 287 2612 mcutuup
304 2536 456 2602 cuperctur;
477 2482 532 2589 Vli
1242 2594 1250 2616 ‚

230 2605 326 2656 cautus
409 2601 447 2655 ad
530 2618 611 2656 arma
635 2601 679 2656 de·
732 2598 926 2657 tion=‘ohnc
942 2600 1241 2656 erheblichenVerlnst

164 2670 302 2725 sccuderct
320 2673 356 2724 at
381 2687 419 2724 ue
502 2670 612 2724 uuuilu'u
732 2669 820 2735 (nicht
837 2665 1023 2726 ‘Verwundun
1043 2669 1060 2735 ',
1078 2686 1100 2723 s.
1118 2685 1153 2722 zu
1171 2673 1195 2736 1,
1208 2673 1250 2736 72,

164 2741 322 2803 arcessere&
348 2687 446 2793 eireuso
475 2742 497 2804 l,
525 2743 567 2805 41,
595 2743 627 2807 43
654 2743 680 2807 3,
734 2743 766 2804 1),
778 2739 908 2793 wahrend
919 2738 979 2793 siue
995 2687 1250 2793 ufloculufohne

164 2810 206 2872 44,
231 2812 260 2876 4;
283 2808 326 2862 ΙΙΙ
345 2811 384 2874 11,
403 2812 432 2872 3;
452 2837 483 2846 —
503 2807 517 2861 I
535 2810 577 2870 28,
594 2811 623 2861 4:
645 2823 680 2861 ue
732 2807 823 2863 sllen
845 2802 966 2862 Verlust'
990 2807 1124 2861 bedenten
1148 2806 1252 2867 wurde.

247 2875 398 2930 trausireut
424 2878 457 2930 et
484 2875 598 2944 flultimu'
620 2917 626 2930 .
646 2913 679 2929 ..
732 2875 849 2944 Vgl.nu
869 2880 892 2943 1,
911 2879 953 2940 85,
972 2874 1125 2929 5.-cluus
1143 2873 1251 2944 Hispu-

164 2947 258 2997 esscut.
297 2945 341 2998 An
367 2960 479 2998 unserer
502 2945 587 2999 Stella
610 2943 679 2997 wird
731 2943 808 2998 uiua:
827 2944 980 2999 citeriorem
993 2942 1204 2998 etulteriorem.
1218 2973 1250 2982 -

182 3028 216 3065 uc
250 3029 302 3066 von
333 3013 385 3066 den
414 3012 531 3067 meisten
560 3013 589 3066 in
618 3013 679 3066 dem
732 3012 998 3067 bellicosissimorum
1006 3011 1148 3066 homiuum
1157 3010 1196 3066 ist
1206 3011 1252 3067 ein

166 3027 249 3134 diune
267 3096 320 3135 von
336 3080 384 3134 sed
401 3079 507 3150 geiasst,
525 3081 590 3135 aber
607 3081 680 3134 dsnn
731 3097 766 3135 au
795 3080 954 3162 Hispanico
987 3079 1155 3159 geho‘render
1187 3095 1252 3149 geu.

165 3147 243 3200 hatte
261 3149 291 3202 0.
312 3148 401 3202 sicher
417 3148 592 3216 geschrieben
610 3149 680 3203 mul
732 3150 884 3217 qualitutrs.
899 3181 930 3188 —
939 3147 1118 3218 peritissimus
1136 3186 1184 3202 ...
1201 3147 1252 3202 dcu-

167 3216 246 3282 tuquc
274 3215 393 3270 secuudu
422 3216 527 3294 proclia
552 3217 603 3270 uui
629 3216 679 3270 ud-
731 3217 807 3272 ullus
829 3222 945 3282 missen,
969 3233 1048 3271 wenn
1067 3215 1097 3270 (l.
1122 3215 1251 3271 wirklich
1320 3213 1327 3228 ‘

164 3299 240 3337 uerso
263 3286 291 3337 et
310 3284 334 3338 el
358 3283 487 3337 mediocri
506 3287 679 3354 oppouereut.
731 3302 763 3340 so
774 3285 1017 3355 geschriebenhat‚
1030 3284 1183 3339 concessive
1194 3284 1252 3339 abl.

165 3351 202 3405 Es
220 3353 290 3406 wird
312 3352 396 3406 daher
419 3369 469 3420 quc
488 3352 548 3407 hier
566 3380 599 3399 ει
615 3369 680 3407 ucuc
731 3355 788 3408 abs.
806 3353 873 3408 sein.
902 3354 981 3407 Aber
999 3351 1140 3408 vielleicht
1155 3353 1192 3407 ist
1205 3353 1252 3408 ein

165 3418 235 3475 sein:
248 3420 288 3474 sie
300 3421 426 3475 mochten
437 3420 514 3475 nicht
525 3421 578 3475 den
590 3420 680 3476 vielen
734 3421 856 3490 Particip
879 3421 1050 3491 ausgeiallen
1068 3421 1148 3479 (nach
1166 3420 1252 3476 Glan-

166 3488 336 3557 siegreichen
353 3488 515 3544 Schlachteu
533 3490 585 3543 den
603 3489 683 3545 einen
734 3490 799 3558 dorp
817 3493 932 3559 ereptus,
950 3490 1020 3544 nach
1036 3488 1180 3544 HSchiller
1197 3489 1252 3545 uic·

167 3557 392 3612 unbedeutenden
415 3557 511 3612 Unfell
532 3562 682 3627 eutgegen·
735 3557 787 3618 tis).
822 3557 950 3612 Gemeint
967 3557 1027 3613 sind
1040 3557 1176 3612 Afranius
1194 3559 1254 3614 und

166 3626 274 3690 stellen,
284 3627 336 3681 den
344 3642 371 3681 v.
381 3625 571 3681 s.Schlachten
580 3642 681 3695 gegan-
733 3625 867 3704 Petreius.
882 3657 913 3665 -
923 3625 1176 3695 frumentariasque
1187 3642 1253 3696 pro-

165 3694 231 3748 liber
249 3695 290 3748 als
312 3700 397 3749 etwas
416 3694 578 3750 Sohweruie
600 3696 681 3750 eudes
732 3693 845 3760 clauus,
874 3695 994 3750 udmlich
1024 3693 1135 3749 Sicilien
1164 3695 1252 3751 durch

164 3762 277 3829 geltend
303 3763 425 3817 macheu.
465 3763 549 3818 Diese
576 3711 681 3818 fiedeu·
733 3762 815 3816 Curio
837 3764 892 3817 und
919 3762 1063 3818 Sardinien
1086 3763 1172 3818 durch
1195 3763 1254 3820 Vs-

165 3834 236 3898 tung
258 3831 307 3885 hat
329 3848 463 3901 opponere
480 3832 583 3912 hliufig²
606 3849 630 3886 u.
647 3832 680 3886 Β.
732 3830 816 3886 lerins
834 3836 868 3899 (1,
887 3837 919 3886 30
937 3848 965 3886 ιι.
983 3835 1035 3897 31).

165 3896 220 3951 (lic.
243 3899 276 3952 de
297 3914 353 3968 rep.
374 3904 396 3966 1,
414 3904 444 3953 4:
467 3900 510 3954 lais
526 3899 682 3955 ruuouu'bus
767 3904 792 3954 4.
810 3898 1073 3965 cudereutsecuudc,
1086 3903 1164 3955 sonst
1175 3899 1253 3969 buce,

788 2209 822 2247 en
840 2210 864 2250 c.
881 2198 921 2260 71,
941 2198 969 2258 2;
989 2197 1013 2258 2,
1031 2196 1097 2258 9‚8:
1116 2189 1176 2244 siue
1192 2191 1250 2245 ullo

544 2538 627 2599 33,1:
645 2550 680 2587 ua
732 2533 831 2598 heben;
850 2533 910 2588 hier
927 2534 995 2588 ohne
1013 2535 1139 2601 vorherg.
1157 2532 1250 2600 Nega·
