2670 4336
515 258 565 314 111.
583 263 692 313 59-61.
1082 258 1144 318 235

66 435 157 494 animi
178 435 357 493 conscientia
371 435 594 508 intellegebant.
625 435 687 507 Quo
702 434 813 509 pudore
829 434 948 493 adducti
964 440 995 493 et
1015 436 1172 495 fortassee

65 538 123 579 non
138 537 168 578 se
182 521 313 595 liberari
331 519 428 579 sedin
443 521 524 579 aliud
539 526 656 594 tempus
671 521 820 579 reservari
836 521 978 578 arbitrati
992 520 1143 579 discedere

65 607 102 664 ab
124 607 207 664 nobis
229 611 260 664 ct
281 623 387 665 novam
409 611 556 681 temptare
583 607 732 664 fortunam
754 621 902 677 novasque
924 607 1070 664 amicitias
1093 622 1142 663 ex-

64 691 159 766 periri
181 691 404 750 constituemnt.
448 691 490 750 Et
511 708 576 749 oum
596 691 699 764 paucis
725 691 871 749 conlocuti
893 691 1050 749 clientibus
1073 692 1174 766 suist

64 777 169 849 quibus
184 781 301 835 tantum
315 777 430 834 facinus
445 778 628 834 committere
643 777 799 851 audebant,
817 775 944 850 primum
960 776 1058 834 conati
1073 782 1143 834 sunt

63 862 247 935 preelectum
268 862 400 934 equitum
422 861 453 920 0.
475 861 655 920 Volusenum
677 861 857 935 interficere,
883 866 918 919 ut
939 866 1043 935 postea
1064 862 1141 920 bello

64 947 195 1005 confecto
224 946 375 1019 cognitum
404 952 462 1022 est,
492 952 527 1005 ut
548 963 614 1005 cum
639 963 760 1005 munere
789 946 887 1018 aliquo
914 947 1082 1019 perfugisse
1105 946 1143 1005 ad

63 1031 232 1105 Pompeium
246 1032 434 1105 viderentur;
457 1037 613 1105 postquam
627 1031 658 1090 id
677 1033 792 1090 facinus
814 1030 963 1089 difficilius
978 1032 1075 1091 visum
1097 1037 1144 1090 est
1164 1041 1179 1089 5

64 1132 158 1189 nsque
179 1117 307 1175 facultas
328 1117 500 1190 perficiendi
529 1118 670 1193 dabatur,
700 1134 787 1189 quam
815 1117 958 1175 maximas
980 1122 1143 1192 potuerunt

62 1203 203 1278 pecunias
230 1204 372 1278 mutuati,
401 1203 525 1277 proinde
547 1203 629 1261 acsi
652 1204 714 1261 suis
735 1203 809 1260 satis
831 1202 930 1259 facere
952 1207 983 1260 et
1004 1200 1143 1260 fraudata

62 1288 221 1346 restituere
230 1287 351 1363 vellent,
366 1289 467 1347 multis
479 1288 621 1362 coemptis
632 1289 715 1361 equis
726 1288 764 1345 ed
774 1286 946 1360 Pompeium
957 1288 1143 1346 transierunt

63 1388 129 1430 cum
149 1373 194 1447 iis,
218 1389 289 1445 quos
312 1374 358 1432 sui
380 1373 496 1432 consilii
517 1374 677 1447 participes
699 1374 857 1432 habebant.

146 1453 196 1521 tl.
219 1457 297 1529 Quos
319 1458 489 1533 Pompeius,
519 1458 596 1531 quod
618 1462 703 1517 erant
724 1459 847 1516 honesto
873 1458 936 1515 loco
958 1457 1023 1515 nati
1045 1462 1074 1516 et
1095 1458 1140 1515 in-

62 1544 167 1600 structi
177 1543 345 1602 liberaliter
355 1560 519 1618 megnoque
530 1545 672 1602 comitatu
687 1549 718 1602 et
729 1543 830 1601 multis
845 1544 984 1601 iumentis
995 1549 1141 1601 venerant

60 1628 177 1700 virique
199 1628 292 1686 iortes
313 1629 501 1688 habebantur
524 1629 602 1687 etin
622 1629 732 1687 honore
748 1627 826 1702 apud
842 1627 997 1686 Gaesarem
1019 1628 1139 1686 tuerent
1196 1644 1198 1649 ’

61 1712 194 1784 quodque
216 1729 324 1772 novum
345 1714 377 1771 id
399 1719 430 1772 ct
449 1718 572 1787 practer
593 1713 829 1772 consuetudinem
856 1713 1019 1787 acciderat,
1042 1713 1140 1771 omnia

61 1889 137 1943 nicht
158 1894 231 1944 etwa
253 1891 305 1945 mit
325 1892 396 1946 Paul
417 1892 573 1947 domestico-
623 1893 695 1946 duan
728 1891 770 1945 da.
816 1892 922 1946 Ebenso
952 1892 999 1947 das
1029 1892 1139 1961 Imperi.

61 1972 126 2011 rum
141 1973 178 2011 zu
194 1959 333 2014 schreiben
350 1960 397 2014 ist.
624 1976 646 2014 c.
666 1963 707 2027 58,
727 1965 750 2012 b.

97 2030 120 2080 3.
140 2025 199 2094 Quo
216 2026 320 2095 pudore
333 2054 365 2074 ι-
376 2027 455 2082 cuiue
472 2028 513 2083 rei
522 2044 572 2098 pu
657 2029 700 2084 61.
720 2032 742 2081 1.
764 2027 891 2082 instructi
903 2027 1053 2082 liberaliter
1065 2028 1139 2082 kann

61 2094 137 2162 dorm
159 2110 181 2148 s.
205 2110 241 2148 au
263 2100 287 2160 2,
305 2100 346 2164 lb,
365 2100 389 2151 3.
411 2127 446 2136 -
467 2113 523 2151 uou
545 2113 573 2151 sc
624 2095 683 2150 hier
711 2095 797 2161 nicht,
826 2096 879 2150 wie
908 2101 984 2151 sonst
1013 2095 1062 2163 oft,
1093 2095 1140 2152 be·
1165 2114 1166 2117 ¹

62 2161 186 2217 liberari:
242 2179 321 2224 oens:
355 2165 504 2244 reseruari:
538 2166 573 2245 ad
623 2162 832 2245 ceremonias
844 2164 884 2220 sic
898 2164 1140 2234 cincunst'andige,

59 2246 193 2353 pletitt
210 2233 572 2357 teuttlttilltttt
623 2232 1141 2370 {itid‘liihungiilntitihtilhi

58 2316 133 2449 duffdna
149 2383 184 2421 zu
201 2368 269 2423 zwei
288 2369 372 2424 durch
386 2386 443 2424 mou
460 2410 507 2426 ...
524 2371 572 2426 scd
623 2370 687 2450 oder
698 2307 1030 2492 glitnzeddtduhslgeriistet,
1042 2368 1140 2450 tuder·

58 2436 187 2491 einander
199 2442 481 2508 entgegengesetaten
493 2439 571 2495 Sata-
622 2438 677 2492 hch
704 2443 756 2493 mrt
778 2439 858 2493 ellem
905 2439 1030 2508 dgluchcn
1052 2438 1140 2493 reuch-

57 2504 183 2572 gliedern
208 2506 336 2627 {chiren
362 2523 391 2561 so
413 2508 510 2562 stehen
531 2507 571 2562 sie
622 2507 676 2560 lich
699 2508 831 2562 versehen
852 2523 953 2575 waren,
979 2506 1061 2562 nobel
1079 2507 1141 2561 euf-

79 2572 210 2627 ewbhnlic
249 2574 342 2629 hinter
358 2576 406 2630 der
423 2575 571 2645 Negation.
622 2579 723 2630 traten.
752 2575 826 2630 Weil
843 2577 890 2631 dor
908 2575 1056 2630 Ausdruck
1074 2573 1142 2630 mid-

82 2640 113 2694 '.
139 2641 173 2694 ad
198 2641 264 2696 iam.
286 2649 310 2707 5,
328 2648 352 2707 2,
372 2649 415 2698 10:
442 2661 501 2699 uou
524 2661 570 2714 epo
622 2645 786 2698 verstsnden
807 2645 917 2698 werden
934 2645 1043 2709 hornia,
1071 2643 1140 2696 wird

57 2710 214 2830 equaquam
247 2710 375 2789 fratrem.
400 2715 490 2779 mum,
523 2713 571 2767 scd
622 2712 753 2832 erlgurch
766 2711 949 2779 dicfolgende
962 2710 1140 2831 Bemerlgtrlltng

71 2794 115 2922 nd.
149 2793 210 2898 card
224 2791 404 2914 ramam·
429 2845 572 2900 clientibus
622 2795 651 2901 gr.
662 2784 791 2910 adtffdl,
804 2794 1141 2900 ffirffiommmmamgi:

56 2928 124 2966 cuae.
150 2911 175 2964 S.
194 2928 230 2965 zu
249 2917 272 2976 1,
290 2918 333 2980 46,
349 2918 375 2966 4.
392 2944 427 2953 -
447 2913 476 2967 0.
490 2912 571 2967 Volu·
623 2917 659 2968 tu
692 2914 770 2968 bitte
804 2929 865 2967 cum
896 2913 992 2967 stehen
1022 2917 1139 2980 missen,

56 2995 153 3058 aeuus&
173 2995 231 3101 effi
242 2983 269 3034 et
293 2980 400 3035 coecilii
425 2982 520 3063 mapui
546 2985 574 3036 et
622 2997 702 3036 wenn
719 2981 797 3034 nicht
814 2997 913 3066 mapuo
932 2980 1065 3035 comitatu
1080 2999 1141 3037 vor-

56 3050 390 3195 i'l'ihsmi’ddii
410 3050 572 3172 diutili
622 3065 1140 3198 tt⁸ttttttut³tuml⁰tlh

57 3185 269 3263 ausgezemhnet
295 3185 382 3240 hatte.
408 3217 443 3224 -
469 3189 502 3240 ut
517 3224 524 3239 .
541 3225 570 3239 ..
622 3185 878 3264 Vorgehommenes.
905 3216 949 3263 -ι
967 3203 1062 3241 omum
1088 3204 1141 3243 oua

55 3257 194 3324 capucium
211 3255 261 3306 est:
279 3270 314 3307 zu
332 3270 355 3307 c.
374 3258 415 3319 57,
430 3259 454 3308 5.
467 3285 499 3293 -
511 3269 572 3308 cum
621 3253 763 3323 precordia
780 3255 974 3309 circumducat:
998 3271 1027 3310 er
1045 3255 1140 3311 fiihrte

56 3320 441 3389 muuerealiquozmiteinem
449 3322 570 3387 Dienste,
622 3321 661 3375 sie
696 3321 741 3376 bei
775 3322 828 3377 den
862 3323 1003 3378 einzelnen
1038 3324 1139 3380 Posten

56 3391 141 3446 durch
160 3391 212 3445 den
229 3390 269 3445 sie
281 3390 339 3444 sich
351 3390 412 3445 dem
424 3389 569 3459 Pompeius
621 3388 726 3455 herum,
748 3407 801 3445 von
823 3392 884 3445 dem
907 3391 986 3445 einen
1010 3407 1074 3446 aum
1092 3409 1140 3447 an·

57 3459 212 3528 emptehlen
229 3460 358 3513 honnten.
622 3457 712 3512 deren.
747 3459 803 3513 Der
826 3459 952 3527 doppelte
971 3460 1073 3514 Aecus.
1095 3462 1139 3515 bei
1202 3490 1205 3495 ·

92 3532 115 3580 5.
138 3530 363 3597 postquam...
386 3526 496 3580 uisum
522 3528 572 3580 cst
622 3526 811 3592 circumduxit,
846 3527 899 3580 wie
932 3527 975 3580 bei
1005 3527 1056 3581 den
1087 3529 1139 3583 mit

55 3611 141 3664 raeque
235 3596 398 3650 dabatur:
425 3596 473 3649 das
495 3594 570 3649 Peri.
623 3598 701 3649 bauo
718 3599 1021 3662 zusammengssetztsn
1042 3596 1138 3650 Verbis

56 3680 110 3719 uon
121 3664 210 3719 cinem
222 3664 361 3719 einzelnen
370 3663 485 3718 Factum
497 3670 570 3728 <man
622 3665 819 3741 transportare,
842 3661 961 3727 traicere,
989 3663 1139 3719 traducere.

55 3731 106 3786 seh
131 3732 182 3798 cin,
209 3731 263 3786 ded
290 3749 318 3787 es
341 3731 487 3800 schwierig
511 3732 569 3798 sei),
621 3732 670 3785 Bei
688 3730 886 3784 circumducere
904 3730 976 3784 wohl
995 3747 1049 3785 nur
1067 3734 1139 3788 noch

57 3799 224 3867 daslmperf.
243 3816 295 3854 von
312 3800 400 3854 einem
415 3800 571 3855 dauernden
620 3800 712 3877 Fient.
736 3798 816 3852 Most.
840 3801 902 3852 843:
931 3798 1023 3877 istum,
1047 3818 1138 3871 puerc,

56 3867 191 3922 Zustand:
222 3882 251 3921 es
281 3883 338 3921 war
367 3867 495 3921 withrend
521 3868 570 3922 der
621 3865 787 3920 circumduce
815 3865 893 3920 hasce
922 3866 999 3921 aedis
1025 3873 1052 3923 et
1079 3887 1139 3925 com

52 3950 161 4006 genten
188 3935 249 3989 Zeit
276 3935 356 3990 keine
388 3934 570 4003 Gelcgenheit
601 3933 718 3990 clavia.
754 3933 818 4003 Vgl.
838 3932 895 3989 Cic.
916 3934 949 3989 de
974 3935 1028 3991 div.
1047 3943 1071 4008 2,
1091 3942 1136 3993 62:
