2670 4336
616 225 637 280 1.
656 229 680 280 8.
694 229 718 279 9.
1169 222 1208 284 27

124 402 208 462 addit
236 420 301 462 oum
331 400 516 461 excusatione
544 401 665 478 Pompei
693 400 854 460 ooniunota.
899 399 1008 459 Eadem
1037 399 1098 460 fere
1123 405 1210 476 atque

124 487 215 546 isdem
237 487 335 547 verbis
349 491 466 563 praetor
481 487 603 546 Rosoius
618 486 679 562 agit
693 504 758 546 oum
775 485 897 545 (lassare
910 485 1024 561 sibique
1038 486 1209 562 Pompeium

125 590 365 633 commemorasse
387 572 574 633 demonstrat

210 651 243 721 9.
267 656 350 731 Quae
372 675 417 716 res
440 657 492 716 etsi
513 656 583 715 nihil
605 652 804 716 adleuandus
830 654 948 714 iniurias
969 656 1112 732 pertinere
1134 656 1209 716 vide

125 743 240 820 bantur,
262 747 359 802 tamen
381 742 500 801 idoneos
515 746 618 801 neotus
639 740 777 817 homines,
798 758 850 817 per
872 758 945 815 quos
960 759 1003 817 es,
1025 759 1101 816 quae
1115 742 1208 812 vellet,

123 828 163 886 ad
178 846 244 887 eum
259 826 465 904 perferrentur,
487 827 560 902 petit
574 827 611 886 ab
627 832 759 902 utroque,
782 825 919 900 quoniam
935 826 1057 903 Pompei
1072 828 1209 885 mandata

123 913 163 971 ad
184 931 215 973 se
230 913 392 984 detulerint,
414 931 451 972 ne
466 917 622 988 graventur
644 929 697 970 sua
718 929 835 986 quoque
850 910 888 969 ad
907 929 973 970 eum
995 913 1141 988 postulata
1162 912 1208 970 de

123 996 208 1070 ferre,
229 998 254 1057 si
275 996 366 1074 parvo
382 998 482 1056 labore
496 1016 618 1074 magnas
633 996 840 1056 controversias
862 996 961 1055 tollere
983 1002 1070 1072 atque
1093 1015 1208 1056 omnem

124 1083 238 1142 Italiam
254 1088 333 1142 metu
354 1083 475 1143 liberare
497 1083 617 1160 possint.
651 1081 713 1141 Sibi
726 1099 839 1157 semper
860 1083 984 1157 primam
1006 1080 1095 1141 fuisse
1116 1082 1207 1156 digni·
1231 1093 1245 1143 2

123 1172 213 1227 tatem
235 1168 353 1243 vitaque
374 1168 530 1245 potiorem:
554 1167 677 1227 doluisse
699 1184 738 1241 se,
760 1165 839 1241 quod
859 1167 960 1242 populi
976 1167 1100 1226 Romani
1121 1167 1208 1226 bene·

124 1251 223 1311 tioium
245 1252 301 1312 sibi
322 1271 374 1327 per
396 1254 598 1314 contumeliam
613 1253 650 1312 ab
665 1251 785 1311 inimicis
800 1256 1027 1327 extorqueretur,
1051 1256 1207 1328 ereptoque

122 1337 274 1397 semenstri
295 1338 413 1414 imperio
435 1338 465 1396 in
481 1339 582 1399 urbem
599 1337 798 1407 retraheretur,
821 1338 903 1396 ouius
918 1337 1045 1396 absentis
1066 1337 1206 1397 rationem

123 1421 223 1482 haberi
245 1422 383 1500 proximis
405 1424 525 1484 comitiis
539 1424 665 1501 populus
679 1423 814 1482 iussisset.
846 1423 958 1480 Tamen
973 1421 1048 1481 hano
1068 1422 1207 1482 iacturam
1228 1433 1244 1482 3

123 1506 240 1567 honoris
260 1509 305 1568 sni
327 1509 368 1568 rei
388 1509 521 1583 publicae
536 1527 623 1570 eausa
637 1526 730 1583 aequo
753 1507 849 1566 animo
865 1506 972 1566 tulisse.
1004 1507 1077 1567 (lum
1098 1508 1207 1567 litteras

123 1593 161 1651 ad
182 1598 314 1653 senatum
337 1593 457 1670 miserit,
479 1600 512 1654 ut
534 1612 634 1654 omnes
656 1595 694 1653 ah
716 1592 887 1652 exercitibus
908 1592 1095 1662 diseederent,
1117 1611 1155 1652 ne
1176 1594 1207 1651 id

121 1677 240 1753 quidem
267 1679 476 1755 impetravisse.
519 1681 596 1739 Tota
625 1680 709 1738 Italia
737 1678 856 1737 dileotus
883 1676 983 1738 haberi
990 1723 998 1754 ,
1027 1679 1142 1739 retineri
1169 1680 1207 1738 le·
1229 1689 1244 1737 4

122 1763 223 1838 giones
244 1783 275 1839 11,
310 1782 386 1839 quae
407 1764 444 1823 ab
473 1782 505 1823 se
525 1765 708 1824 simulatione
730 1763 855 1822 Parthioi
882 1762 950 1822 belli
978 1763 1035 1823 sint
1056 1763 1206 1840 abductae,

121 1847 267 1906 eivitatem
289 1865 351 1906 esse
373 1850 404 1905 in
426 1849 522 1907 armis.
552 1847 686 1922 Quonam
709 1847 780 1907 haeo
802 1848 899 1907 omnia
913 1849 967 1906 nisi
982 1848 1019 1906 ad
1040 1866 1121 1907 suam
1144 1867 1206 1923 per·

123 1931 226 1990 nioiem
248 1931 412 2007 pertinere?
451 1933 508 1991 Sed
529 1937 626 1992 temen
648 1933 686 1990 ad
708 1932 805 1990 omnia
825 1949 857 1990 se
879 1932 1050 1991 descendere
1072 1938 1206 2008 paratum
1229 1943 1243 1991 5

120 2059 273 2114 versionem
285 2059 495 2129 etsoppltotom,
513 2076 565 2131 qao
576 2076 641 2114 oser·
688 2059 835 2128 Imperium
854 2059 982 2113 hehelten
997 2061 1118 2123 ,konnem
1137 2064 1206 2116 nach

123 2144 173 2182 ras
190 2144 265 2182 eram
283 2127 314 2181 io
326 2145 395 2195 eum,
411 2145 493 2252 poem
505 2128 641 2199 captorem,
688 2128 895 2182 Zurllelmahme
925 2128 1013 2182 dieser
1041 2129 1205 2198 Vergltnsti·

123 2196 231 2250 remitto
251 2196 301 2250 tlht
319 2200 346 2251 et
361 2213 410 2251 ooo
430 2213 489 2252 ono.
502 2213 641 2252 —aooero
709 2212 766 2264 ung
795 2194 889 2250 mllllte
918 2212 947 2250 er
976 2196 1034 2250 sich
1060 2198 1142 2252 sehon
1168 2198 1206 2253 im

120 2281 151 2319 oe
173 2268 273 2334 speret:
297 2282 407 2335 sperare
434 2266 486 2320 mit
508 2267 570 2320 dem
591 2265 641 2319 inf.
688 2213 810 2320 gommer
827 2265 968 2318 desselben
980 2265 1078 2320 Jahres
1095 2266 1124 2320 in
1137 2267 1206 2321 Rom

122 2349 209 2402 praes.
228 2333 265 2388 ist
281 2361 315 2380 ==
339 2333 471 2402 confidere
494 2335 566 2400 „test
588 2350 642 2388 ron
687 2349 737 2387 nur
760 2333 933 2402 Bewerbung
959 2333 1004 2388 ihr
1030 2333 1074 2388 die
1096 2335 1205 2390 neohst·

121 2407 209 2456 etwas
239 2403 390 2471 iiberzeugt
416 2402 503 2472 sein“;
531 2403 588 2472 vgl.
616 2407 640 2470 2,
688 2402 834 2471 folgenden
858 2401 975 2456 Wohlen
997 2402 1148 2470 (prostrata
1165 2420 1206 2457 oo·

124 2474 166 2532 27,
185 2473 200 2524 2
218 2486 246 2523 ιι.
265 2475 290 2536 3,
308 2474 332 2536 8,
350 2477 374 2524 3.
687 2470 792 2536 mittio),
806 2469 850 2524 die
862 2471 915 2524 seit
927 2469 1004 2524 Sulla
1016 2469 1045 2523 in
1057 2471 1105 2525 der
1117 2471 1205 2540 Regel

156 2542 181 2590 4.
193 2541 305 2607 praetor
315 2539 440 2605 Roscius
452 2539 580 2605 derselbe,
593 2539 641 2592 der
687 2538 725 2592 im
754 2538 815 2593 Juli
844 2553 1055 2607 rorgenommen
1083 2541 1205 2605 werden,

121 2622 145 2658 o.
158 2610 182 2671 3,
196 2611 211 2660 6
230 2607 287 2660 sich
300 2608 410 2661 erboten
422 2609 509 2672 hatte,
524 2623 560 2661 zu
573 2606 640 2661 an·
687 2607 830 2672 einsrndeu,
843 2607 970 2660 woduroh
987 2607 1045 2660 sein
1058 2607 1205 2675 Imperium

121 2689 167 2727 sar
185 2690 220 2728 zu
237 2675 334 2743 gehen.
359 2705 389 2714 —
412 2675 466 2729 stol
483 2690 640 2729 commemo·
687 2691 734 2729 um
761 2679 776 2728 6
806 2674 919 2729 Monate
949 2674 1066 2742 gekhrzt
1096 2677 1205 2730 worden

120 2742 532 2865 assereremus
557 2809 639 2879 pse.
686 2741 1204 2879 llttttltmtttffteltltll

120 2893 196 2931 nere:
215 2879 273 2932 sieh
290 2879 374 2932 dahin
389 2881 552 2941 erstreolxen,
570 2879 639 2931 dazu
706 2895 735 2932 er
751 2877 913 2942 domatum,
931 2877 971 2929 els
989 2876 1206 2947 Umsohreihung

122 2945 220 2998 dienen
231 2946 283 3007 (die
293 2946 438 3000 erlittenen
450 2947 640 3013 Krenkungen
686 2895 732 3001 ges
745 2943 1010 3012 Aduerbialbegriffs
1023 2945 1071 2999 der
1080 2945 1137 3000 Art
1149 2948 1204 3001 und

122 3013 253 3081 geringer
281 3013 439 3068 erseheinen
464 3025 500 3067 zu
526 3014 639 3078 lossen);
687 3013 787 3068 Weise.

123 3080 181 3159 vgl.
194 3096 218 3134 z.
236 3081 268 3133 B.
287 3097 309 3134 e.
327 3085 369 3146 35,
387 3085 411 3134 2.
430 3080 497 3135 -ot
576 3097 640 3148 poo-
721 3085 746 3135 4.
756 3079 932 3135 simulatione
940 3079 1065 3134 Parthici
1074 3079 1144 3146 holla,
1154 3097 1204 3135 un-

121 3151 190 3202 arnt:
209 3164 245 3202 zu
264 3154 288 3216 3,
306 3153 347 3213 75,
366 3153 391 3202 3.
687 3155 730 3204 ter
747 3150 807 3203 dem
826 3149 991 3207 Vorwande.
1013 3147 1066 3202 ded
1084 3149 1124 3204 sie
1141 3167 1204 3204 zum

157 3221 182 3270 2.
207 3216 377 3287 dignitatem.
413 3217 477 3286 Vgl.
501 3215 557 3296 (lio.
575 3213 641 3296 Att.
687 3219 779 3288 perth.
796 3217 864 3271 Krie
885 3233 899 3271 e
921 3218 1079 3272 rerwendet
1095 3219 1204 3272 werden

122 3285 641 3356 V1111,1atqoelaeoaoomma
688 3287 795 3342 sollten.
836 3286 857 3338 V
905 3290 1204 3352 45,2;2,40,3;3,

120 3353 211 3421 faeere
234 3371 262 3409 ae
283 3353 428 3425 depredatis
449 3370 540 3409 eausa.
580 3352 640 3407 Dass
689 3360 730 3420 28,
749 3360 779 3424 5;
797 3354 853 3409 (lio.
870 3371 897 3422 p.
915 3354 984 3409 Sull.
1003 3357 1049 3408 54:
1067 3354 1204 3424 placitato·

122 3423 196 3544 pepnp
215 3423 321 3503 „hlhre‘j
333 3423 403 3545 puts
416 3423 640 3544 {⁰hwssrfoevder'
687 3440 798 3546 &mern
820 3425 860 3503 toa
885 3421 1204 3543 εξεέὅλὲαωιῖνήιῃιω-

122 3506 353 3637 aroris
369 3505 640 3628 rouergue
689 3505 1048 3615 ...ιιιιιιιιιι

121 3642 202 3680 mam.
232 3626 308 3681 Neoh
326 3628 374 3681 der
391 3628 449 3681 ihm
460 3627 498 3681 im
510 3628 594 3681 Jahre
607 3630 639 3680 52
722 3633 746 3682 5.
769 3626 933 3681 claeoeodere.
973 3625 999 3678 S.
1022 3640 1058 3678 zu
1083 3641 1105 3677 o.
1131 3629 1155 3689 5,
1173 3629 1203 3679 3:

122 3693 208 3748 duroh
242 3695 321 3749 einen
348 3694 564 3750 Volksbesohlult
594 3711 640 3765 ge·
687 3696 746 3750 hier
755 3697 807 3749 mit
818 3695 878 3748 dem
888 3691 1085 3761 Nebenhegriff
1096 3692 1144 3746 der
1154 3693 1205 3747 Er·

122 3763 245 3830 gehenon
256 3763 411 3829 Erleubnis,
428 3763 487 3818 sich
498 3763 640 3818 ebwesend
686 3764 852 3831 niedrigung
870 3786 902 3805 -=
920 3760 978 3815 sioh
996 3777 1030 3815 zu
1048 3760 1128 3815 ollem
1144 3777 1205 3816 rer-

121 3845 167 3882 um
193 3831 241 3885 des
267 3831 398 3886 Consulat
419 3831 465 3886 fur
486 3835 519 3885 48
542 3847 578 3884 zu
595 3832 640 3885 be·
687 3830 792 3886 stehen.
819 3830 846 3885 S.
864 3828 1202 3897 Oie.adI⁴¹am.16,12,3:

121 3899 240 3964 werhen,
258 3899 337 3954 hetto
356 3915 385 3954 er
405 3899 445 3954 bis
457 3900 534 3954 Ende
546 3903 580 3954 49
592 3900 640 3953 des
687 3899 829 3954 Feruntur
851 3897 961 3952 omuino
983 3897 1151 3953 condiclones
1168 3898 1203 3952 ob
