2670 4336
150 168 190 226 98
525 171 577 226 DE
595 171 713 226 BELLO
732 169 846 224 CIVILI

110 351 125 400 4
148 343 265 404 Interim
289 344 337 403 alii
358 363 427 405 suos
448 345 478 404 in
501 351 594 406 castra
605 345 745 405 invitandi
760 362 848 406 causa
862 344 1017 415 adducunt,
1040 344 1088 403 alii
1109 345 1147 404 ab
1169 347 1230 406 suis

149 430 347 506 abducuntur,
369 431 442 490 adeo
465 435 498 490 ut
518 450 578 490 una
600 435 694 491 castra
715 431 772 490 iam
794 429 873 490 facta
894 448 931 490 ex
953 429 1027 490 binis
1049 430 1228 506 viderentur;

148 515 367 590 compluresque
388 515 495 575 tribuni
510 517 633 576 militum
650 521 679 576 et
694 515 873 576 centuriones
888 515 926 574 ad
941 515 1093 575 ansmem
1108 516 1230 577 veniunt

110 606 125 654 b
145 618 235 675 seque
249 600 275 659 ci
290 600 500 661 commendant.
533 602 614 663 Idem
630 601 685 661 hoc
699 601 734 661 fit
748 619 767 660 a
780 600 956 678 principibus
971 600 1138 678 Hispaniae,
1154 619 1230 676 quos

146 685 187 744 illi
210 690 402 746 evocaverant
422 691 452 746 et
472 704 570 747 secum
593 687 623 746 in
646 686 744 748 eastris
766 686 913 746 habehant
927 685 1060 745 obsidum
1083 687 1156 746 loco.
1189 687 1229 746 Hi

147 789 216 831 suos
236 775 321 831 notos
351 770 536 848 hospitesque
566 773 760 848 quaerebant,
787 789 840 848 per
868 789 954 846 quem
983 770 1106 846 quisque
1128 789 1228 832 eorum

110 863 125 910 6
147 855 256 915 aditum
273 857 529 918 commendationis
544 857 663 918 haberet
678 858 715 917 ad
732 856 891 917 Gaesarem.
920 855 1032 916 Afranii
1048 856 1134 916 etiam
1150 857 1229 917 filius

147 942 314 1001 adulescens
347 942 383 1002 de
415 960 469 1002 sua
501 961 536 1002 ac
567 943 694 1020 parentis
720 943 765 1003 sui
796 943 889 1001 salute
920 959 985 1001 cum
1020 940 1143 1002 Caesare
1175 960 1229 1018 per

110 1034 123 1081 1
148 1026 305 1103 Sulpicium
328 1027 456 1102 legatum
479 1028 594 1104 agebat.
629 1029 721 1087 Erant
741 1028 828 1104 plena
848 1026 958 1086 laetitia
980 1030 1008 1086 et
1034 1027 1228 1102 gratulatione

148 1112 245 1171 omnia
267 1118 426 1190 eteorum,
449 1113 498 1188 qui
520 1118 602 1173 tanta
622 1113 750 1190 pericula
771 1112 889 1187 vitasse,
911 1116 941 1171 st
962 1130 1072 1189 eorum,
1094 1112 1228 1188 quisine

147 1198 267 1257 vulnere
288 1202 384 1257 tantas
411 1216 456 1257 res
478 1196 636 1258 coniecisse
662 1198 850 1273 videbantur,
878 1215 1078 1273 magnumque
1099 1197 1227 1258 fructum

146 1299 217 1342 suae
230 1282 368 1359 pristinae
389 1283 515 1343 lenitatis
529 1283 658 1343 omnium
672 1282 777 1343 iudicio
794 1281 899 1342 Caesar
920 1280 1040 1360 ferebab
1065 1283 1227 1343 consilium·

147 1386 204 1443 que
226 1368 289 1428 eius
312 1387 330 1427 a
351 1368 460 1428 eunctis
474 1369 662 1445 probabatur.

233 1447 288 1519 75.
312 1453 426 1526 Quibus
450 1454 538 1514 rebus
565 1453 706 1513 nuntiatis
737 1450 876 1511 Afranius
906 1452 944 1511 ab
976 1452 1106 1512 instituto
1139 1470 1227 1527 opere

147 1537 266 1599 discedit
286 1555 376 1613 seque
396 1539 427 1597 in
449 1544 543 1599 castra
563 1538 679 1615 recipit,
706 1537 747 1597 sic
772 1540 906 1614 paratus,
932 1541 966 1597 ut
992 1537 1156 1614 videbatur,
1184 1543 1227 1616 ut,

147 1623 323 1697 quicumque
344 1623 492 1683 accidisset
513 1642 605 1701 casus,
626 1623 705 1683 hunc
725 1622 822 1698 quieto
845 1626 875 1681 st
896 1640 989 1698 aequo
1005 1622 1101 1682 animo
1123 1622 1224 1700 ferret3

108 1707 274 1767 2Petreius
303 1725 372 1767 vero
399 1726 458 1768 non
480 1709 585 1769 deserit
605 1727 681 1769 sese:
713 1713 806 1768 armat
834 1707 989 1786 familiam,
1020 1726 1085 1767 cum
1115 1706 1170 1767 hac
1197 1713 1227 1768 et

147 1791 292 1868 praetoria
328 1791 445 1853 cohorte
481 1799 671 1855 cachatorum
707 1793 896 1869 barbarisque
936 1793 1079 1869 equitibus
1117 1793 1226 1869 paucis,

177 1943 203 1992 4.
220 1938 360 1994 incitandi
382 1957 478 1996 cuasa:
500 1956 547 1996 um
565 1941 604 1996 sie
622 1958 658 1996 zu
713 1939 813 1996 Caesar
843 1940 942 2009 plenae
974 1938 1026 1992 mit
1058 1939 1119 1994 dem
1148 1940 1226 2006 Abi,

143 2006 290 2076 bewirten3
318 2025 347 2062 so
365 2008 544 2078 hospitaliter,
571 2010 659 2065 calio
709 2013 786 2062 sonet
803 2007 856 2062 mit
873 2008 934 2063 dem
947 2006 1068 2061 Genitiv.
1082 2038 1111 2046 -
1130 2007 1225 2076 pristi-

144 2075 227 2140 (Just.
258 2081 288 2141 1,
307 2081 336 2144 6,
355 2081 395 2142 b),
424 2077 529 2146 poculis
557 2083 566 2142 (
590 2078 658 2132 laut.
709 2092 762 2130 ace
780 2076 914 2130 leaitch's:
933 2075 1020 2143 vorig,
1038 2076 1155 2144 gestrig,
1173 2076 1226 2132 wie

143 2143 215 2198 Rud.
225 2147 284 2207 362)
303 2143 358 2198 iao.
371 2145 510 2225 (caepere.
522 2146 658 2215 accipere),
708 2143 749 2198 IV
769 2148 815 2209 14,
833 2148 857 2197 3.
899 2143 962 2199 Wie
984 2143 1030 2197 fiir
1057 2159 1129 2198 abac
1155 2145 1226 2209 (dem

144 2211 199 2265 und
217 2210 392 2266 redamare:
417 2214 485 2278 (arch
508 2213 659 2279 bewirten,)
706 2212 800 2291 jetzt
817 2212 865 2266 der
877 2210 1037 2266 wirhlichcn
1049 2211 1226 2281 Gegenwart)

144 2279 312 2344 schmausen,
343 2280 445 2334 zechen
473 2281 558 2347 (Suet.
586 2284 658 2350 Aug.
710 2296 739 2333 1n
758 2278 1035 2348 derErzhhlungder
1048 2280 1104 2335 Ver
1124 2295 1226 2349 angen-

146 2352 196 2411 77).
709 2347 770 2402 heit
793 2347 965 2416 gewdhnlich
990 2350 1054 2402 tuac
1074 2297 1226 2417 gehraucht

180 2420 203 2469 5.
232 2419 419 2469 evocaverant:
453 2416 593 2482 entboten,
623 2431 658 2470 au
709 2415 792 2481 wird,
819 2432 847 2470 so
870 2415 938 2470 wird
956 2416 1002 2470 fur
1019 2415 1078 2470 beri
1094 2416 1226 2486 pridie,

144 2483 203 2537 sich
230 2483 390 2538 beschieden
416 2484 521 2538 hatten.
545 2514 577 2522 -
595 2500 659 2538 auos
710 2484 756 2538 fur
784 2483 924 2538 marmus
952 2482 1144 2554 pristinae,
1179 2485 1227 2540 fiir

144 2554 235 2606 actos:
255 2551 309 2605 wie
327 2551 372 2605 ein
385 2551 594 2607 substantivum
612 2568 659 2621 ge·
711 2551 847 2607 machaus
882 2550 940 2606 dics
974 2556 1133 2622 posterae
1162 2554 1226 2608 oder

145 2619 278 2682 braucht;
293 2620 389 2674 ebenso
407 2622 474 2675 oben
492 2621 542 2688 §L
561 2651 590 2659 —
611 2635 660 2690 per
709 2619 1142 2689 iaaeqaeosdieegebraucht.
1160 2621 1225 2691 Vgl.

144 2704 225 2810 gaam
236 2686 355 2810 lficisque
374 2726 381 2740 .
394 2727 418 2742 ..
436 2688 556 2744 habaet:
576 2688 660 2743 durch
710 2703 746 2743 au
765 2693 806 2754 61,
819 2692 889 2742 2.-
901 2705 919 2742 a
931 2688 1033 2743 cunctis
1044 2689 1226 2758 probabatur:

144 2756 496 2880 alituram
509 2758 660 2880 13331
710 2761 925 2880 suillas.
939 2757 1052 2879 13Ἆῖξῖ
1061 2757 1226 2879 billis}

144 2908 179 2948 au
197 2894 293 2949 haben.
311 2925 345 2936 -
364 2893 473 2948 aditum
490 2893 661 2949 commendo-
710 2909 778 2962 gem
795 2841 853 2962 vgh
872 2842 965 2948 Lgucan
982 2893 1022 2947 IV
1042 2892 1124 2946 11511.

145 2961 241 3017 boch:
271 2961 376 3015 Zutritt
405 2963 509 3016 durch
530 2961 660 3031 Empleh·
745 2963 787 3018 lb.
815 2966 838 3016 1.
864 2961 904 3016 sic
925 2964 1054 3041 paratius:
1080 2961 1223 3026 V111s,2

144 3031 221 3097 lung,
238 3028 291 3083 wie
309 3030 376 3083 oben
394 3046 416 3083 c.
436 3033 476 3099 58,
489 3035 517 3084 3:
536 3046 604 3085 asar
620 3045 659 3083 ce·
710 3029 766 3084 und
780 3035 808 3084 5:
826 3029 865 3084 sic
883 3045 976 3084 ocimo
990 3031 1112 3098 paratos.
1139 3029 1225 3084 Aira-

145 3095 269 3151 leritotio.
304 3097 338 3160 (V
361 3097 377 3150 l.
395 3114 430 3152 au
448 3114 470 3152 c.
488 3103 530 3162 42,
541 3103 575 3164 3.)
610 3097 660 3151 Bei
710 3097 773 3152 nius
798 3114 856 3152 war
874 3098 931 3153 also
969 3097 1080 3166 ensigt,
1099 3097 1156 3152 sich
1174 3096 1227 3152 mit

145 3166 194 3219 der
211 3163 329 3217 anderen
339 3113 515 3246 {thlarunffi
529 3162 661 3234 ‘Zugang
711 3167 812 3220 Caesar
829 3181 865 3246 au
882 3114 1065 3247 vergicichem
1084 3168 1136 3246 urie
1154 3165 1226 3220 deun

144 3231 386 3301 aurEmplehlung
404 3234 501 3297 (wreV
514 3238 594 3302 41,1:
605 3249 661 3287 eer-
711 3235 781 3289 auch
799 3249 857 3288 sem
869 3234 943 3289 Sohn
960 3235 1051 3303 gewrll
1069 3233 1146 3288 mcht
1157 3233 1226 3288 ohne

145 3300 235 3355 mocio
253 3298 357 3363 aditus)
375 3301 470 3356 millite
489 3301 571 3356 ud=
584 3301 661 3371 apud
711 3302 771 3357 sein
794 3301 950 3357 Vorwissen
972 3303 1121 3371 gehandelt
1139 3303 1226 3357 hatte.

145 3369 211 3435 sein,
238 3368 303 3423 oder
324 3367 424 3423 Caesar
450 3371 543 3424 warde
566 3386 595 3425 so
613 3386 661 3438 ge·
711 3370 750 3425 Er
767 3371 861 3425 wurde
873 3375 967 3439 apator
977 3371 1090 3426 deshalb
1101 3371 1149 3426 des
1158 3371 1226 3426 Ver·

146 3436 286 3492 schrieben
305 3436 400 3502 haben,
419 3438 472 3492 wic
490 3438 549 3493 Liv.
562 3443 604 3504 41,
618 3442 661 3506 23,
710 3443 768 3493 rats
781 3437 920 3493 beschuldi
957 3456 997 3503 ‚s.
1010 3444 1035 3505 3,
1048 3443 1089 3506 33,
1103 3443 1117 3493 2
1125 3456 1132 3505 ;
1150 3438 1226 3495 Plut.

144 3504 252 3644 amai
276 3505 403 3575 pacatae
426 3505 534 3628 pgcgice
551 3506 660 3562 aditam
713 3507 789 3629 Ca2es.
808 3511 851 3573 41,
869 3511 899 3629 3,
941 3523 1012 3630 οἴῳ.
1031 3512 1073 3608 61,
1092 3513 1149 3630 abt
1182 3574 1226 3629 ,h

145 3592 163 3628 a
180 3648 203 3697 6.
223 3591 504 3725 §rispei'htiffllecgafi
524 3643 660 3724 Sulpicius
712 3591 1117 3723 (seinenggchgferssiclrstefhufgl
1130 3592 1228 3698 Sosiis

145 3710 659 3781 Rufus,Legst1mgalllschenKr1ege.
711 3728 801 3777 suam,
819 3728 938 3777 masam,
957 3711 1079 3780 officiam
1095 3716 1130 3778 (3,
1147 3713 1188 3775 18,
1199 3715 1226 3776 1)

145 3779 186 3834 IV
203 3783 245 3844 22,
263 3783 290 3842 6;
309 3780 363 3834 Vll
381 3784 422 3845 30,
440 3786 470 3842 'lt
488 3785 512 3849 3,
531 3785 625 3848 101,1.
713 3780 766 3835 dea.
784 3810 816 3819 -
840 3779 993 3848 familiam:
1017 3780 1091 3835 scine
1110 3778 1226 3834 Diener·

179 3851 204 3900 7.
218 3846 304 3914 pieac
322 3848 434 3904 laetitia
463 3849 523 3903 Nur
539 3849 600 3902 hier
616 3849 660 3903 bei
712 3847 810 3903 schaft.
828 3877 862 3888 -
882 3848 1023 3918 praemiis
1039 3849 1159 3913 ecberte,
1181 3847 1226 3902 dis
