2670 4336
138 208 179 266 28
516 208 566 262 DE
583 207 701 264 BELLO
720 206 837 264 CIVILI

137 387 226 458 atque
248 383 345 442 omnia
365 383 427 460 pati
448 382 488 443 rei
509 382 642 460 publicae
664 398 759 442 causa.
788 380 990 442 Ptoliciscatur
1011 382 1168 460 Pompeius
1189 384 1224 445 in

136 485 205 527 suas
220 468 390 545 provincias,
407 468 461 543 ipsi
476 468 617 528 exereitus
632 467 786 543 dimittant,
808 466 956 527 discedant
976 467 1006 526 in
1021 468 1106 527 Italia
1120 486 1225 530 omnes

138 553 176 612 ab
199 553 300 628 armis,
321 558 415 613 metus
437 571 453 613 e
475 553 589 613 civitate
610 554 742 626 tollatur,
767 552 857 612 libera
878 552 994 612 comitia
1015 557 1103 630 atquo
1125 556 1224 615 omnis

99 646 114 696 6
135 656 181 698 res
202 638 320 714 publica
340 639 453 698 senatui
473 640 641 716 populoque
663 639 794 698 Romano
823 637 1014 715 permittatur.
1058 639 1141 700 Haec
1161 657 1224 716 quo

134 722 248 783 facilius
271 724 412 799 certisque
434 724 648 784 condicionibus
673 722 747 784 fiant
768 728 797 784 et
817 725 881 783 iure
902 724 1024 783 iurando
1045 725 1226 804 sauciantur,

137 813 189 868 aut
209 809 271 885 ipse
292 811 413 886 propius
435 809 553 870 accedat
574 814 626 869 aut
646 827 678 869 ss
698 809 825 886 patiatur
839 808 989 888 acceder03
1011 808 1083 887 fore,
1105 809 1150 869 uti
1169 827 1226 887 per

137 893 292 969 conloquia
313 912 413 954 omncs
435 895 646 954 controversiae
667 898 886 970 componantur.

222 973 277 1043 10.
300 978 433 1056 Acceptis
458 979 602 1038 mandatis
625 979 744 1039 Roscius
774 997 839 1038 cum
863 978 985 1038 (lassare
1008 977 1139 1055 Oapnam
1159 996 1225 1056 par·

137 1063 217 1124 venit
237 1063 336 1139 ibique
358 1065 489 1124 eonsules
511 1064 742 1140 Pompeiumque
769 1063 893 1123 invenit:
923 1063 1070 1139 postulata
1092 1063 1225 1127 Caesaris

97 1149 291 1210 trenuntiat.
325 1149 371 1207 Illi
392 1167 423 1208 rs
445 1148 602 1208 deliberata
623 1149 797 1224 respondent
818 1149 981 1225 scriptaque
1002 1147 1039 1206 ad
1054 1167 1121 1208 eum
1143 1167 1225 1209 man·

97 1244 113 1293 3
134 1236 206 1294 data
226 1253 279 1309 per
301 1235 417 1294 eosdem
439 1234 607 1311 remittunt3
636 1251 759 1309 quorum
781 1233 853 1293 haec
874 1239 936 1293 erat
956 1251 1086 1292 summa:
1117 1232 1225 1294 Caesar

137 1322 168 1378 in
193 1319 318 1380 Galliam
339 1323 538 1396 reverteretur,
560 1319 689 1378 Arimino
711 1318 869 1394 excederet,
892 1317 1032 1378 exercitus
1054 1319 1224 1398 dimitterot;

99 1414 114 1463 4
138 1423 214 1479 quae
235 1405 259 1465 si
273 1404 397 1482 fecisset,
419 1405 592 1482 Pompeium
614 1405 646 1462 in
661 1403 819 1478 Hispanias
833 1405 952 1464 iturum.
982 1403 1103 1480 Interea,
1126 1405 1226 1480 quoad

138 1489 212 1549 fides
227 1495 302 1551 esset
325 1490 394 1549 data
409 1490 561 1550 Gaesarem
583 1488 736 1562 facturum,
758 1506 834 1565 quas
854 1489 1043 1567 polliceretur,
1065 1508 1124 1549 non
1138 1490 1226 1551 inter·

138 1575 276 1634 missuros
298 1576 430 1635 consules
452 1576 684 1651 Pompeiumque
706 1574 834 1634 dilectus.

225 1653 280 1720 11.
303 1660 374 1720 Erat
393 1661 494 1736 iniqua
515 1660 644 1720 condicio
666 1660 820 1737 postulare,
842 1663 875 1718 ut
898 1658 1004 1718 Oassar
1024 1658 1153 1719 Arimino
1176 1678 1225 1720 sx-

141 1744 254 1804 oederet
282 1749 369 1820 atque
396 1746 426 1804 in
454 1745 634 1822 provinciam
660 1749 866 1818 reverteretur,
893 1744 989 1819 ipsum
1012 1747 1041 1803 et
1061 1744 1227 1821 provincias

140 1833 169 1889 et
200 1829 328 1906 legiones
360 1831 468 1890 alienas
500 1835 612 1908 tonere3
650 1830 806 1890 exercitum
841 1828 971 1889 (lassaris
1003 1829 1078 1888 velle
1111 1829 1225 1909 dimitti,

102 1923 116 1973 2
139 1914 259 1975 dilectus
281 1915 402 1993 habere3
436 1916 563 1990 polliceri
589 1934 621 1975 se
641 1916 672 1974 in
700 1914 877 1993 provinciam
899 1916 1008 1973 iturum
1030 1932 1126 1990 neque
1155 1921 1225 1978 ante

139 2044 201 2110 illc,
224 2048 258 2099 toi
272 2045 419 2114 Pompeius
442 2046 534 2100 enlin
551 2045 656 2114 Hispa·
708 2051 814 2098 ἐκεῖνον
832 2048 893 2109 (τὸν
904 2045 1042 2113 Καίσαρα)
1056 2051 1118 2097 rods
1128 2048 1228 2100 adroic

140 2113 225 2179 niam,
245 2113 363 2180 dilectos,
383 2113 430 2181 qni
441 2117 507 2167 anni
518 2114 613 2169 nabin,
632 2117 659 2167 et
710 2114 792 2166 addas
806 2117 935 2182 πρέσβεις
952 2114 1088 2180 ἔπεμψαν.
1104 2144 1140 2153 -
1150 2130 1227 2170 snm-

140 2181 282 2250 prcesidic
299 2184 394 2234 nostra
417 2181 608 2236 dimittantur:
629 2198 657 2236 se
708 2197 766 2234 mc:
785 2181 833 2234 der
850 2180 1026 2235 wesentliche
1043 2181 1145 2236 Inhalt
1173 2183 1227 2239 Bei

140 2248 298 2303 ulteriorem
318 2247 441 2302 Galliam
459 2248 597 2316 Domitio,
621 2249 657 2304 ci·
708 2249 763 2304 Cic.
782 2249 816 2302 ad
833 2249 898 2303 Arc
917 2253 942 2313 i,
962 2253 1041 2314 14,1
1067 2250 1158 2306 lautet
1180 2252 1226 2306 die

141 2317 267 2371 terionem
295 2315 423 2370 Considio
448 2315 578 2371 Noniano
605 2317 658 2376 tisis
707 2316 883 2387 Becingung:
903 2316 1028 2371 Pnobctc
1045 2319 1165 2374 condicio
1177 2324 1224 2390 ear,

140 2385 213 2440 enirn
236 2383 398 2454 obtipcrnnt)
416 2384 598 2440 traditrnnm:
620 2386 658 2440 cd
707 2385 755 2440 sed
779 2385 829 2453 ita,
855 2388 889 2440 nt
912 2385 959 2440 ille
985 2385 1018 2440 de
1043 2385 1080 2441 iia
1106 2387 1226 2458 oppidis,

140 2454 299 2508 consulatus
307 2452 463 2521 petitionem
472 2457 657 2519 accensorum,
708 2471 779 2524 qnae
788 2457 867 2508 entra
879 2470 959 2508 snam
970 2453 1140 2532 provinciam
1150 2473 1226 2512 occu·

140 2520 353 2644 liiiiidir
363 2521 555 2644 iiiiii
571 2539 655 2644 Ὗ·
707 2521 1161 2658 iiiiiit’im‘iiioi‘mimi
1187 2524 1227 2580 n

142 2607 196 2712 tim
214 2657 318 2712 trinum
329 2631 487 2711 nundinam
498 2605 657 2740 {iiiiii
709 2607 987 2713 camencier'eiziiiros
1005 2608 1165 2730 esaeffit'rim
1176 2611 1228 2731 gir

140 2758 174 2766 —
191 2726 259 2795 ipsi:
278 2742 307 2781 er
324 2727 380 2780 und
399 2726 552 2794 Pomperus.
566 2757 597 2766 -
616 2743 657 2782 oo·
707 2730 832 2781 senatum
850 2726 1026 2796 confecturos.
1054 2729 1171 2784 Ahnlich
1188 2731 1226 2784 ad

140 2795 221 2849 mitia
244 2794 539 2864 ...permittaturz
570 2812 605 2851 zu
632 2801 673 2873 3,,
707 2795 773 2850 fam.
793 2799 833 2861 16,
852 2800 893 2860 12,
910 2801 935 2850 3.

140 2868 181 2927 61,
199 2868 223 2918 3.
741 2868 766 2918 4.
783 2863 852 2932 rides
869 2863 1031 2920 Sioherheit

174 2935 198 2984 6.
216 2931 258 2986 Zu
266 2930 397 3001 certisque
407 2930 611 2986 condicionibus
619 2931 658 2987 ist
742 2935 784 2988 11.
815 2938 838 2988 1.
868 2932 944 2987 Erat
969 2931 1067 3000 iniquo
1095 2931 1226 2998 condicio,

141 3015 190 3052 aus
213 3015 275 3068 qno,
299 3001 348 3053 das
370 3000 469 3054 Caesar
490 3000 586 3054 immer
608 3016 657 3055 vor
710 2999 1227 3070 Subjeotsindpostnlcre‚terrerevello

142 3066 352 3135 Comparatiren
365 3067 488 3133 braucht,
501 3072 534 3122 nt
546 3084 581 3121 nu
593 3069 657 3122 den·
708 3083 767 3122 us.
781 3086 814 3122 w.
827 3100 860 3108 -
872 3069 964 3139 ipsun
976 3072 1012 3124 ct:
1025 3071 1073 3123 das
1084 3068 1226 3137 Unbillige

140 3135 213 3212 ken..
237 3135 302 3202 Vgl.
318 3139 345 3212 β,
364 3139 405 3200 66,
423 3139 527 3214 6:·qno
545 3136 658 3191 liberius
708 3135 780 3204 liegt
796 3137 888 3200 darin,
912 3138 964 3192 dati
984 3137 1085 3192 Caesar
1101 3137 1146 3191 die
1164 3137 1226 3192 eine

140 3218 173 3256 ac
189 3217 248 3256 stne
264 3202 384 3271 perronio
407 3202 508 3258 milites
524 3221 657 3272 aqscaren·
708 3219 761 3258 von
790 3205 847 3258 ihm
873 3205 1094 3274 eingenommene
1120 3205 1226 3260 iremde

143 3274 196 3324 tnr.
708 3271 791 3327 Stadt
813 3273 949 3341 autgeben
975 3274 1068 3335 sollte,
1094 3272 1226 3327 wthrend

175 3338 217 3394 10.
238 3342 262 3392 1.
278 3336 414 3406 Capuam:
434 3339 546 3394 Roscius
558 3341 614 3394 und
626 3341 657 3394 L.
708 3340 854 3407 Pompeius
866 3341 906 3395 als
919 3340 1102 3410 Obergeneral
1114 3343 1162 3396 der
1171 3342 1226 3395 Re-

142 3406 244 3462 ansar
262 3406 353 3460 trafen
371 3407 517 3475 Pompeius
533 3409 610 3463 nicht
628 3409 657 3463 in
707 3408 804 3476 publili
833 3409 876 3463 die
905 3409 1070 3490 Veridgung
1098 3411 1166 3464 iiber
1194 3425 1226 3464 so

141 3476 249 3544 Capua,
267 3475 382 3529 sondern
400 3475 429 3528 in
446 3475 568 3530 Teanum
587 3476 656 3532 Sidi·
707 3476 779 3531 risle
800 3476 903 3532 fremde
925 3477 1077 3533 Provmnen
1100 3478 1156 3533 und
1174 3477 1226 3532 Le-

140 3543 230 3598 cinum
254 3559 298 3597 am
321 3547 363 3598 23.
385 3544 490 3598 Januar
508 3545 572 3610 (Cic.
591 3546 656 3599 Att.
707 3545 807 3614 gioneu
824 3545 933 3602 behielt.
963 3547 1023 3602 Von
1036 3547 1154 3614 Spanien
1168 3546 1225 3600 und

141 3617 164 3678 l,
185 3617 223 3680 14,
246 3616 269 3676 1)
276 3630 283 3674 ;
305 3612 369 3666 aber
387 3611 416 3666 in
434 3613 527 3680 Capua
543 3615 656 3668 wurden
706 3615 758 3668 den
785 3614 910 3683 dortigen
937 3614 1075 3683 Legionen
1101 3615 1140 3669 ist
1165 3613 1226 3668 hier

140 3696 194 3735 ron
211 3681 263 3734 den
280 3680 405 3734 Iliihrern
422 3682 469 3735 der
487 3681 656 3751 Pompeiani·
706 3681 784 3736 nicht
806 3682 849 3736 die
872 3682 960 3750 Rede;
983 3684 1054 3736 denn
1077 3683 1151 3738 disse
1177 3698 1226 3805 ffe-

140 3748 221 3802 schen
244 3748 337 3803 Partei
363 3749 407 3802 die
430 3750 657 3804 entsoheidenden
707 3751 804 3804 hdrten
819 3751 972 3819 Pompeius,
988 3750 1127 3806 unddieso
1144 3751 1183 3805 sol
1196 3756 1226 3805 te

143 3816 303 3870 Beschltisse
320 3817 425 3939 ffiefasst.
707 3834 736 3873 er
753 3818 822 3872 nach
840 3819 891 3872 den
910 3819 1066 3889 hisherigen
1084 3819 1225 3875 Verhand·

176 3889 200 3938 2.
219 3899 267 3954 per
277 3900 321 3938 eoa
341 3900 394 3940 em:
407 3884 459 3940 Dio
472 3889 513 3952 41,
528 3891 577 3952 5,4
590 3891 659 3956 πρὸς
709 3887 812 3956 lungen
829 3886 897 3941 auch
914 3887 1050 3943 behalten.
