2670 4336
166 246 232 304 234
547 245 597 299 DE
614 244 732 300 Buteo
750 245 863 301 CIVILI

161 427 321 481 curaverat
350 438 495 495 agrosque
523 423 556 479 in
578 421 679 481 Gallia
700 439 736 480 ex
764 422 898 480 hostibus
921 427 1023 497 captos
1051 422 1244 498 praemiaque

160 509 205 565 rei
233 506 421 581 pecuniariae
453 523 562 580 magna
591 508 741 566 tribuerat
770 508 988 580 locupletesque
1017 524 1053 565 ex
1086 508 1244 581 egentibus

121 594 281 652 eiecerat.
325 591 366 650 Hi
393 597 517 665 propter
544 593 688 651 virtutem
716 609 774 650 nou
803 593 898 650 solum
925 591 1005 668 apud
1033 591 1190 651 Caesarem
1213 594 1245 651 in

160 679 270 736 honore
292 683 386 752 erant,
413 677 576 736 sedetiam
599 676 677 751 apud
700 678 861 736 exercitum
884 679 947 736 cari
967 678 1169 751 habebantur,
1192 678 1244 736 sed

160 763 232 821 ireti
261 763 392 822 amicitia
421 762 556 821 Caesaris
584 768 615 820 et
641 763 736 821 stulta
757 779 792 820 ac
819 764 949 821 barbara
971 765 1147 836 arrogantia
1169 763 1243 821 elati

160 847 362 921 despiciebant
375 864 442 905 suos
456 848 691 921 stipendiumque
706 848 838 920 equitum
858 846 1039 906 fraudabant
1055 854 1086 906 et
1100 848 1243 922 praedam

122 941 138 991 4
159 950 272 991 omnem
294 932 409 991 domum
431 934 616 992 avertebant.
646 932 757 1004 Quibus
779 934 826 992 illi
847 935 936 991 rebus
957 935 1084 1006 permoti
1107 935 1242 992 universi

160 1018 316 1077 Gaesarem
338 1018 476 1076 adierunt
498 1019 654 1092 palamque
676 1018 712 1076 de
734 1035 833 1076 eorum
855 1019 973 1076 iniuriis
999 1024 1070 1076 sunt
1091 1019 1189 1091 questi
1213 1024 1244 1078 et

160 1103 197 1162 ad
219 1108 320 1162 cetera
342 1103 519 1161 addiderunt
540 1104 649 1161 falsum
671 1105 708 1161 ab
731 1103 769 1161 iis
791 1103 923 1176 equitum
946 1120 1099 1162 numerum
1122 1104 1242 1180 deferri,

159 1205 282 1262 quorum
304 1188 483 1264 stipendium
506 1193 687 1248 averterent.
834 1238 838 1248 .

244 1269 295 1336 dd.
319 1272 429 1332 Caesar
443 1290 537 1346 neque
551 1279 667 1349 tempus
681 1273 756 1332 illud
771 1273 1035 1332 animadversionis
1058 1290 1123 1332 esse
1138 1274 1245 1333 existi·

158 1375 241 1417 mans
257 1364 287 1416 et
301 1360 396 1417 multa
409 1359 519 1417 virtuti
534 1375 634 1416 eorum
649 1358 808 1417 concedens
822 1375 885 1416 rem
899 1363 993 1417 totam
1012 1359 1150 1432 sustulit;
1174 1360 1243 1418 illos

158 1449 271 1502 secreto
293 1444 469 1519 castigavit,
492 1443 568 1516 quod
591 1443 728 1516 quaestui
749 1444 863 1516 equites
885 1444 1037 1519 haberent,
1061 1445 1243 1520 monuitque,

158 1535 192 1587 ut
214 1545 252 1588 ex
273 1545 327 1586 sna
348 1528 480 1588 amicitia
508 1530 605 1588 omnia
627 1533 835 1603 exspectarent
865 1534 896 1586 et
923 1545 960 1587 ex
982 1530 1156 1605 praeteritis
1180 1531 1243 1588 suis

121 1621 136 1672 2
158 1614 264 1672 officiis
285 1615 401 1686 reliqua
422 1620 586 1687 sperarent.
619 1613 760 1688 Magnam
781 1619 880 1672 tamen
901 1615 975 1672 haec
996 1631 1044 1672 res
1066 1615 1128 1673 illis
1150 1615 1244 1673 olien-

158 1700 270 1757 siouem
292 1706 323 1757 et
345 1700 589 1773 contemptionem
612 1699 649 1758 ad
664 1716 764 1759 omnes
782 1699 892 1774 attulit,
913 1698 1001 1771 idque
1022 1701 1067 1758 ita
1089 1717 1153 1759 esee
1175 1717 1242 1758 cum

158 1801 194 1842 ex
209 1785 335 1843 aliorum
350 1785 602 1860 obiectationibus,
619 1792 683 1843 tum
698 1786 788 1844 etiam
803 1801 839 1843 ex
855 1785 1011 1844 domestico
1027 1784 1134 1844 iudicio
1151 1791 1243 1858 atque

157 1948 280 2002 Senonen
298 1948 324 2002 V
343 1952 383 2014 54,
402 1953 426 2002 3.
445 1977 478 1986 -
495 1965 529 2002 eea
547 1947 671 2003 barabae
755 1948 798 2003 60.
818 1951 841 2001 1.
854 1951 907 2002 tem
926 1964 959 2001 as
976 1947 1047 2001 iliad
1065 1947 1240 2002 animadver-

154 2015 671 2139 iiiitial‘bffliindiistillliilad
722 2015 1241 2140 ⁸t2tt⁸ttattlttltt⁰⁸tt

155 2152 214 2229 sich
237 2099 374 2206 allenfeazlls
393 2100 543 2207 ’0111111
562 2157 588 2217 4,
609 2156 671 2206 129:
722 2156 747 2220 4,
766 2100 891 2230 3111191οά
913 2153 1046 2206 cestram
1068 2125 1174 2222 ter’apas
1196 2153 1239 2206 iri-

154 2236 279 2342 titt.
298 2219 672 2357 retardaretur
722 2220 914 2342 {tietb
929 2220 1240 2344 wttttbntt

154 2372 190 2409 ea
200 2355 268 2409 meis
280 2354 402 2423 tartareis
415 2357 512 2424 capim
531 2355 598 2410 Sall.
609 2355 671 2434 lug.
722 2351 950 2425 daaaaa‘zugute
959 2351 1237 2427 halten'.-eacprae·

156 2427 246 2486 841:
269 2439 325 2477 sese
346 2423 517 2478 acaoalatam
537 2423 672 2478 11111111
723 2423 810 2478 1111111
839 2424 898 2479 ouis
926 2425 1040 2494 officiis:
1075 2426 1145 2480 nach
1176 2426 1238 2481 dem

155 2491 213 2546 iliis
238 2491 328 2560 spolia
353 2491 460 2560 cepisse.
487 2521 520 2531 -
545 2491 672 2561 praemia
722 2492 804 2546 ihnen
822 2493 916 2547 fruher
933 2510 987 2548 von
999 2493 1056 2548 ihm
1067 2493 1238 2549 bewiesenen

155 2559 196 2613 rei
233 2560 402 2615 ecaaiariae:
420 2560 617 2629 Belohnungen
635 2577 671 2615 an
721 2560 1008 2630 Entgegenkommem
1021 2562 1060 2617 sie
1073 2563 1172 2617 sollten
1184 2579 1237 2617 von

156 2576 233 2695 (11Ιῖ
260 2629 313 2708 urie
330 2629 407 2708 ’Cia'
422 2645 464 2699 ep.
492 2630 526 2708 ad
548 2629 627 2707 lirut.
647 2634 671 2694 1,
722 2628 823 2710 diesem
841 2630 949 2684 auidas
962 2629 1108 2698 schliessen,
1128 2647 1185 2685 was
1198 2631 1238 2686 sie

158 2701 198 2762 18,
212 2702 240 2751 5:
258 2714 355 2766 anapia
366 2715 408 2751 rea
419 2713 602 2766 pecuniariae,
614 2697 670 2751 und
721 2713 775 2751 von
787 2698 844 2751 rhm
855 2698 924 2752 noch
937 2715 972 2753 au
987 2703 1121 2753 erwarten
1131 2700 1238 2766 h'a'tten.

156 2766 234 2820 8mal
258 2765 287 2820 in
311 2767 362 2820 den
380 2766 481 2820 Reden.
516 2765 573 2820 Bes
612 2782 670 2820 erra
722 2751 796 2821 Uber
813 2765 908 2835 officia
924 2783 946 2821 s.
964 2783 999 2821 au
1018 2771 1039 2834 1,
1061 2771 1084 2834 8,
1103 2772 1128 2821 2.
1163 2768 1238 2822 Abn-

155 2833 250 2888 aiaria
268 2834 313 2888 fiir
325 2833 441 2903 pecaaia
452 2783 671 2904 Umschrerzuug
721 2833 776 2889 lich
792 2835 845 2889 wie
862 2835 922 2889 hier
940 2852 962 2889 c.
981 2839 1022 2901 90,
1039 2840 1065 2889 1:
1092 2836 1240 2890 accercitum

154 2901 208 2955 wie
233 2918 277 2956 rea
302 2901 488 2970 frumentaria
511 2902 614 2971 (copiae
630 2902 672 2958 rei
721 2919 783 2956 cam
796 2943 804 2958 .
817 2941 843 2956 ..
862 2903 1047 2958 cohortaretur
1068 2920 1131 2958 saa
1153 2922 1186 2959 ae
1208 2904 1240 2958 ire

154 2969 355 3037 frumentariae
371 2970 399 3025 Il
419 2976 457 3038 10,
475 2975 515 3039 4),
532 2987 575 3026 ree
591 2988 670 3026 aare·
721 2988 782 3026 eam
824 2971 928 3041 erpetui
951 2971 1081 3042 temporis
1103 2921 1240 3041 officia

155 3038 248 3092 maria
266 3039 427 3107 (difficultas
444 3039 486 3094 rei
496 3039 671 3110 nummariae
719 3057 787 3109 prae
807 3039 899 3095 icaret.

157 3105 213 3161 Gic.
231 3107 308 3162 Verr.
325 3113 351 3173 4,
371 3112 412 3174 11)
432 3123 458 3161 ιι.
471 3113 495 3162 d.
526 3108 600 3162 Uber
618 3108 670 3162 den

155 3173 268 3228 Genitiv
292 3191 312 3229 s.
331 3191 366 3229 zu
386 3179 408 3242 1,
426 3179 469 3240 42,
488 3181 511 3243 3,
538 3177 595 3230 und
613 3176 670 3245 vgl.
755 3182 779 3230 2.
797 3176 835 3230 ad
854 3193 945 3232 amaea
958 3172 1015 3232 ‘bei
1028 3169 1121 3232 allen’:
1141 3177 1181 3232 IV
1195 3181 1238 3244 16,

155 3247 241 3320 unten
265 3258 288 3296 a.
306 3246 348 3311 83,
367 3248 394 3296 5:
417 3243 450 3296 de
469 3243 603 3312 praeradia
625 3261 670 3314 pe·
722 3250 750 3298 7:
785 3247 894 3299 tautam
932 3261 987 3299 esse
1021 3261 1120 3300 acmen
1155 3248 1240 3314 atque

155 3325 259 3364 maiae.
720 3312 876 3383 opiaicaera
911 3313 969 3368 cias
1003 3314 1137 3368 exercitae
1165 3353 1173 3367 .
1197 3354 1204 3368 .
1231 3353 1238 3369 .

189 3382 213 3431 3.
231 3377 399 3446 sapentiam
417 3378 538 3446 eqaitam
551 3379 670 3447 frauda·
720 3380 804 3435 etiam
830 3381 868 3436 ad
893 3381 1007 3436 altimus
1034 3381 1237 3437 Germanorum

155 3445 223 3500 barat
233 3440 474 3525 funterschlugen',
494 3447 546 3501 wie
559 3451 603 3512 §4
620 3448 670 3502 eti-
720 3449 858 3512 raatiamm
872 3454 895 3516 3,
910 3453 935 3515 9,
948 3454 977 3502 3:
997 3451 1069 3518 qaod
1086 3451 1237 3506 aamercort

154 3514 287 3583 perediam
311 3518 437 3580 avertere,
456 3532 478 3570 c.
497 3520 538 3582 60,
558 3521 572 3569 5
590 3516 669 3584 frara
721 3533 812 3572 amaea
829 3517 955 3572 rationes
971 3522 1096 3574 raretum
1109 3559 1116 3573 .
1129 3535 1236 3574 ..eem-

155 3582 222 3637 data
238 3582 386 3637 restituere.
415 3583 469 3638 Die
502 3584 669 3640 ewdhuliche
740 3602 769 3639 er
785 3584 891 3653 fuisset.
915 3617 948 3627 -
972 3587 1116 3642 domestica
1133 3587 1236 3643 iudicia

155 3650 348 3730 construction
361 3651 456 3720 istfra
495 3652 671 3721 arealiqaem
717 3602 794 3707 {aun
814 3653 891 3708 nieht
913 3655 1048 3711 bedenten
1062 3653 1118 3711 ‘ihr
1141 3657 1237 3724 eignes

153 3720 259 3788 (aliqua
280 3725 326 3786 re).
346 3751 377 3759 -
400 3721 534 3790 praedam
554 3737 667 3789 orarem,
721 3717 818 3775 Urteil‘
830 3738 924 3791 wegen
934 3723 982 3778 des
991 3724 1137 3792 folgenden
1147 3724 1237 3780 aaimi

155 3788 198 3842 die
217 3794 298 3843 uuter
316 3789 368 3843 alle
380 3789 457 3845 lecte
469 3789 582 3845 vertoilt
599 3807 668 3845 wer·
721 3789 883 3844 coardeatia
905 3792 962 3852 (das
985 3793 1081 3878 eigene
1102 3794 1165 3847 bdee
1184 3792 1237 3848 Ge·

154 3855 206 3910 den
224 3857 320 3911 sollen.
720 3857 1016 3927 wissen)‚sondemnur
1026 3861 1238 3918 ihrerntehsten

188 3923 671 3992 4.salsara:natiirlicheineauhohe.
723 3926 922 3997 Angehiirigen
938 3928 994 3983 und
1012 3928 1153 3997 Freunde’,
1172 3929 1243 3986 falle.
