2670 4336
581 215 631 272 111.
650 218 759 270 16-18.
1148 215 1209 275 185

129 409 162 450 se
184 408 297 464 quoque
319 393 350 450 id
371 395 562 450 retenturum.
605 392 706 451 Nihilo
736 393 832 451 minus
860 398 959 451 tamen
986 394 1037 466 egi
1063 410 1148 467 posse
1171 393 1207 452 de

130 477 346 552 compositione,
370 484 404 536 nt
424 479 498 536 haec
520 494 578 535 non
599 477 834 552 remitterentur,
861 494 956 550 neque
981 478 1057 537 hanc
1079 480 1141 537 rem
1163 480 1209 537 illi

130 579 193 620 esse
214 562 429 635 impedimento.
463 563 537 621 Libo
559 579 654 636 neque
675 563 790 636 legatos
806 562 940 622 Caesaris
962 563 1093 637 recipere
1115 581 1208 636 neque
1231 575 1246 623 5

129 647 292 721 pericnlum
302 653 457 720 praestare
472 664 579 723 eorum,
595 647 647 706 sed
660 654 755 706 totam
769 665 831 706 rem
846 647 884 706 ad
898 648 1070 721 Pompeium
1084 650 1208 722 reicere;

130 749 219 791 unum
240 731 352 791 instare
373 734 409 791 de
431 733 555 792 indutiis
568 733 882 806 vehementissimeque
896 734 1080 792 contendere.
1118 733 1210 805 Quem
1231 745 1247 793 6

129 818 181 876 uhi
195 816 305 878 Caesar
326 819 477 877 intellexit
497 820 663 892 praesentis
685 817 809 892 periculi
824 825 913 890 atque
936 817 1052 892 inopiae
1067 818 1208 878 vitandae

129 918 219 961 causa
240 919 353 962 omnem
375 904 538 962 orationem
552 902 717 962 instituisse
735 920 829 976 neque
851 903 942 961 ullam
964 920 1046 978 spem
1068 910 1120 962 aut
1141 922 1209 962 con·

129 989 271 1046 ditionem
299 990 381 1063 pacis
410 988 541 1064 adferre,
572 989 609 1047 ad
637 989 782 1061 reliquam
809 989 1019 1062 cogitationem
1047 989 1119 1047 belli
1145 1007 1209 1047 sese

129 1074 248 1146 recepit.

214 1151 270 1222 18.
284 1158 410 1216 Bibulus
424 1159 533 1216 multos
547 1157 610 1216 dies
625 1164 709 1217 terra
723 1159 890 1233 prohibitus
906 1165 938 1217 et
951 1159 1092 1232 graviore
1106 1160 1207 1216 morbo

127 1259 164 1301 ex
185 1243 299 1316 frigore
321 1259 356 1301 ac
376 1244 478 1302 labore
499 1243 659 1317 implicitus
677 1259 741 1302 cum
763 1260 857 1317 neque
879 1245 979 1303 curari
1000 1247 1099 1318 posset
1113 1259 1207 1316 neque

126 1331 292 1401 susceptum
322 1327 450 1387 oificium
478 1327 613 1387 deserere
641 1330 746 1404 vellet,
775 1330 838 1389 rim
859 1328 953 1387 morbi
980 1330 1128 1387 sustinere
1149 1346 1208 1388 non

126 1414 231 1486 potuit.
275 1413 319 1471 Eo
347 1420 461 1472 mortuo
492 1414 530 1472 ad
551 1412 695 1472 neminem
716 1431 806 1473 unum
834 1431 946 1473 summa
970 1415 1088 1488 imperii
1109 1415 1208 1490 rediit,
1230 1425 1244 1474 2

126 1499 177 1556 sed
205 1498 367 1571 separatim
394 1515 477 1556 suam
505 1499 628 1572 quisque
650 1499 774 1558 classem
797 1500 835 1557 ad
866 1500 1025 1558 arbitrium
1050 1516 1135 1558 suum
1156 1501 1207 1558 ad·

125 1584 323 1641 ministrabat.
346 1583 495 1642 Vibullius
507 1584 608 1642 sedato
620 1585 757 1659 tumultu
775 1601 860 1657 quem
875 1585 1047 1658 repentinus
1063 1585 1206 1645 adventus
1227 1594 1242 1642 a

125 1667 262 1727 Caesaris
291 1667 504 1742 concitaverat,
532 1669 583 1726 ubi
610 1670 738 1742 primum
766 1686 782 1727 e
811 1687 844 1728 re
866 1671 962 1730 visum
984 1674 1042 1745 est,
1072 1671 1205 1730 adhibito

123 1753 238 1814 Libone
260 1759 291 1809 et
312 1752 346 1810 L.
369 1753 494 1810 Lucceio
523 1759 554 1811 et
576 1752 768 1829 Theophane,
799 1756 970 1828 quibuscum
993 1757 1205 1816 communicare

124 1943 160 1953 -
176 1917 355 1967 reiecturum.
372 1914 433 1968 Von
449 1917 537 1968 mucre
548 1915 586 1969 ist
597 1915 640 1969 die
693 1921 719 1980 7)
737 1917 793 1971 aui.
826 1917 877 1971 Die
889 1917 1069 1986 Verbindung
1085 1917 1132 1971 des
1144 1917 1206 1972 Ad·

125 1981 337 2049 entsprecheude
367 1982 448 2036 norm
482 1981 559 2036 nicht
594 1999 641 2052 ge·
688 1984 803 2051 jectiws,
832 1986 881 2039 des
907 1986 976 2040 auch
1005 2001 1041 2040 au
1070 1984 1133 2040 belli
1162 1986 1207 2041 he·

124 2049 290 2104 brduchlich.
316 2078 350 2088 -
376 2053 409 2104 at
424 2089 432 2103 .
449 2089 457 2103 .
474 2066 531 2104 nou
549 2050 641 2105 remit·
691 2067 778 2121 rogen
800 2054 909 2108 werden
930 2055 1046 2117 liburnis,
1070 2053 1108 2108 ist
1129 2053 1206 2109 nicht

124 2120 245 2172 careatur
261 2117 409 2173 concessis:
433 2124 542 2187 gesetnt
559 2120 635 2187 anch,
691 2121 839 2176 undhnlich
860 2123 908 2176 der
932 2138 967 2176 nu
989 2126 1013 2188 2,
1032 2125 1074 2188 28,
1092 2126 1120 2176 2:
1147 2122 1205 2190 pri-

124 2186 178 2239 det
196 2184 281 2240 nicht.
691 2205 766 2243 mam
788 2190 952 2245 sacramenti
977 2190 1138 2244 memorium
1160 2191 1206 2245 be·
1274 2230 1278 2237 -

159 2259 183 2308 5.
201 2253 317 2322 recipere
335 2279 367 2298 =
386 2253 504 2322 occipere
528 2256 544 2322 ξ
563 2258 587 2308 2.
606 2285 640 2294 -
690 2256 863 2326 sprochenen.

123 2321 186 2376 Den
208 2328 395 2391 sogenannten
420 2322 470 2377 ini.
494 2321 638 2378 historicus
724 2325 767 2380 18.
794 2330 817 2380 1.
838 2325 931 2380 morbo
953 2342 987 2379 ec
1010 2325 1124 2396 frigore:
1159 2325 1203 2379 die

122 2390 326 2460 (descriptirus)
362 2391 411 2444 hat
446 2390 546 2446 Caesar
579 2407 639 2446 wer·
690 2393 846 2448 Krankheit
861 2411 920 2449 war
936 2394 979 2448 die
993 2393 1078 2462 Fulge
1091 2393 1203 2448 vender

56 2477 58 2482 ·
123 2459 322 2528 hdltnismdiiig
356 2460 445 2514 selten
479 2460 638 2529 gebraucht,
690 2461 876 2517 Winterlnilte
899 2463 954 2517 und
977 2463 1030 2516 den
1054 2461 1204 2516 unaufhdr-

123 2528 242 2582 na'mlich
269 2528 336 2582 noch
361 2532 384 2593 1,
407 2532 448 2592 64,
472 2533 502 2593 8;
529 2532 580 2593 (88,
599 2533 639 2597 43)
689 2530 779 2584 lichen
796 2531 1042 2600 Austrengungen.
1077 2530 1105 2585 S.
1123 2546 1159 2583 nu
1180 2534 1204 2598 3,

124 2600 150 2662 a,
168 2600 209 2661 ao,
229 2600 256 2659 1;
275 2601 299 2660 e,
319 2600 359 2662 12,
378 2601 393 2650 2
412 2596 467 2650 nnn
486 2600 570 2650 e-ro
583 2598 638 2651 mol
690 2602 732 2664 so,
751 2603 774 2652 a.

123 2663 476 2732 imment-perieulum
506 2668 638 2719 raeetcre:
724 2671 749 2719 l.
766 2666 804 2720 ad
821 2665 956 2719 neminem
972 2681 1070 2719 caum:
1093 2680 1129 2717 zu
1146 2665 1204 2718 liei-

123 2730 170 2785 fur
186 2732 230 2786 die
241 2731 345 2785 Gefuhr
356 2733 460 2798 slehen,
497 2733 561 2787 afur
576 2735 639 2788 biir·
690 2749 752 2788 nem
777 2732 931 2799 einzelnen3
960 2749 988 2787 es
1011 2733 1105 2787 wurde
1128 2732 1205 2786 nicht

123 2815 193 2868 gen,
219 2797 272 2853 dud
295 2799 334 2853 sie
356 2800 433 2855 nicht
456 2800 582 2855 eintrete.
605 2830 640 2840 -
690 2801 790 2855 wieder
825 2803 869 2854 ein
904 2800 1093 2855 einheitliches
1129 2800 1206 2854 Com·

123 2882 211 2920 uuum
235 2866 352 2920 instare:
387 2867 488 2922 daraui
514 2868 638 2936 dringem
690 2867 1206 2947 mandoeingerichtet.-summaim-

125 2934 258 3002 dringend
280 2934 438 3003 werlengen.
474 2935 527 2989 Mic
550 2935 639 2990 verbis
688 2936 761 3057 ferti
782 2936 877 2990 rediet:
902 2937 950 2990 des
970 2935 1134 2990 Commendo
1158 2951 1206 3005 ge·

122 3001 309 3056 intransitiwis
335 3003 410 3056 kann
432 3003 480 3056 das
504 3003 639 3057 Neutrum
701 3010 784 3071 angte
802 3020 838 3058 nn
855 3004 951 3070 ciuem,
969 3005 1031 3059 dem
1048 3018 1077 3058 es
1095 3005 1205 3069 nuliam,

122 3069 199 3124 eines
222 3071 386 3124 Pronomens
416 3071 479 3124 oder
507 3070 638 3139 pronoml-
690 3072 800 3126 auden
822 3071 872 3127 Ort
894 3072 1205 3144 seinerBestimmung;

123 3138 205 3191 nalen
218 3137 408 3206 Adjectivsim
421 3138 639 3193 Accusativver·
692 3144 716 3207 1,
733 3144 758 3207 4,
777 3145 804 3194 i:
832 3157 911 3210 seque
928 3140 1045 3195 alterum
1062 3140 1123 3209 fore
1141 3141 1205 3196 Scl-
1255 3152 1258 3158 '

124 3207 233 3260 bunden
250 3207 372 3271 werden;
391 3224 415 3260 n.
430 3207 461 3260 B.
479 3205 511 3260 id
525 3206 639 3275 caudeo,
691 3208 747 3262 lum
765 3247 772 3262 .
791 3248 797 3263 .
817 3248 824 3261 .
844 3249 850 3273 ,
868 3209 905 3263 ad
946 3225 1006 3263 cem
1023 3226 1133 3264 summa
1154 3210 1205 3264 im·

121 3275 155 3329 id
172 3291 283 3352 operam
295 3273 344 3353 ⁸do,
361 3273 410 3329 boc
427 3274 479 3328 tibi
492 3274 638 3328 adomim
687 3275 760 3344 perii
776 3276 881 3342 redeat
899 3225 943 3331 Vi
959 3281 998 3347 11,
1017 3282 1045 3333 3:
1067 3278 1206 3347 princpes

124 3342 334 3397 -desoduitta
353 3343 425 3397 S.=nu
440 3347 463 3407 1,
473 3347 554 3406 20,t;
565 3347 638 3409 33,1.
689 3348 761 3410 aaut,
786 3385 818 3398 ..
838 3384 845 3399 .
868 3362 984 3415 ortorum
1002 3346 1039 3400 od
1057 3345 1207 3400 arbitrium

158 3416 183 3465 6.
209 3411 247 3466 cd
280 3410 416 3481 reliquum
450 3427 479 3465 co
497 3410 639 3467 dictionem
689 3412 873 3482 iudiciumque
894 3431 1004 3468 samma
1026 3414 1150 3468 ommium
1166 3431 1207 3467 re·

122 3479 190 3535 belle
212 3495 268 3534 sere
290 3495 349 3546 reo,
371 3428 508 3535 wdrtlici'r:
534 3495 564 3534 er
585 3495 639 3548 neg
688 3499 751 3536 rum
769 3481 1106 3550 consiliorumqueredcat.
1131 3482 1206 3536 Caes.

122 3547 182 3602 sich
194 3547 298 3602 nuriick
309 3563 345 3601 nn
353 3547 415 3602 dem
425 3547 541 3617 hbrigen
549 3547 638 3602 Nach·
688 3549 740 3604 Dio
765 3554 808 3615 41,
831 3554 873 3615 48,
900 3556 911 3605 1
940 3555 1026 3604 neunt
1052 3551 1081 3604 in
1099 3550 1207 3604 Wider-

123 3616 230 3671 denken
246 3617 313 3670 tiber
329 3616 382 3669 den
400 3615 543 3738 Krieffieer
559 3616 636 3670 ilber-
688 3619 789 3686 spruch
808 3619 859 3672 mit
872 3618 973 3673 Caesar
984 3619 1051 3672 Libo
1064 3618 1105 3672 als
1118 3619 1206 3672 Nach-

123 3683 211 3753 legte,
233 3701 290 3738 was
310 3683 405 3738 walter
426 3684 455 3738 in
510 3684 576 3739 treii
591 3685 638 3739 des
688 3686 779 3752 fulgor
798 3687 845 3740 des
863 3686 987 3740 Bibulus.

124 3751 174 3805 Kri
256 3768 290 3806 nn
307 3751 419 3819 tnnsei,
437 3751 501 3806 dh.
514 3753 637 3807 erbrach
725 3759 748 3807 3.
768 3754 899 3807 tumultu:
918 3770 939 3808 c.
959 3758 999 3819 13,
1018 3758 1042 3808 2.
1060 3754 1205 3809 3.-cd·

122 3818 168 3872 die
211 3820 417 3888 erhandlungen
438 3821 473 3874 ab
495 3821 551 3874 und
568 3822 637 3875 hiim·
689 3820 782 3875 bibito.
818 3821 845 3876 S.
866 3837 901 3876 nu
923 3838 945 3876 c.
968 3827 993 3886 l,
1017 3826 1044 3876 l:
1068 3821 1148 3877 Erat.
1171 3853 1205 3864 -

123 3885 271 3954 digteden
283 3887 531 3944 Waffenstilletund
549 3892 581 3954 (c.
598 3893 638 3955 lb,
689 3888 722 3943 L.
737 3888 859 3944 Lucceio.
885 3889 1017 3944 Lucceius
1034 3889 1072 3946 ist
1090 3891 1138 3946 der
1151 3891 1204 3946 (ie-
