2670 4336
158 213 220 271 274
530 213 580 269 Du
598 213 717 269 BELLO
736 213 849 270 CIVILI

74 397 77 403 “
157 389 238 450 abuti
266 388 388 449 militum
411 389 553 465 sanguine
574 407 669 465 neque
690 408 751 449 rem
772 390 918 467 publicam
947 390 1084 450 alterutro
1107 390 1234 451 exercitu

120 483 135 533 4
156 477 272 550 privare
294 475 428 536 voluisse.
464 475 529 534 Hae
549 474 650 535 habita
663 477 794 536 oratione
808 476 1030 552 exposcentibus
1044 476 1184 536 militibus
1206 480 1236 536 et

156 560 252 621 studio
274 578 392 636 pugnae
413 560 581 620 ardentibus
602 561 675 620 tuba
694 563 811 638 signum
834 560 921 623 dedit

241 640 298 708 91.
321 646 393 706 Erat
414 645 447 706 0.
472 644 619 706 Crastinus
647 651 784 706 evocatus
806 646 836 704 in
862 646 989 707 exercitu
1012 645 1157 726 Caesaris,
1185 646 1236 722 qui

155 731 303 806 superiore
324 749 401 790 anuo
424 730 503 806 apud
526 749 593 791 eum
614 730 739 805 primum
760 730 853 808 pilum
875 731 904 790 in
927 731 1042 815 legione
1056 751 1085 791 x.
1104 731 1234 809 duxerat

135 817 198 874 ‘vir
218 816 357 892 singulari
386 816 500 876 virtute.
545 816 601 875 Hic
628 816 710 890 signo
737 816 804 876 dato
825 810 1001 892 ‘Sequimini
1029 809 1095 892 me',
1114 818 1229 893 inquit,

154 901 348 978 manipulares
370 901 427 961 mei
448 901 499 977 qui
531 900 628 982 fuistis
666 909 696 961 et
727 906 823 973 vestro
851 902 1019 979 imperatori
1049 920 1137 978 quam
1170 921 1234 962 con-

118 985 288 1046 usceristis
324 1004 442 1064 operam
479 985 553 1047 date.
597 987 696 1046 llnum
728 986 785 1048 hoe
811 986 954 1064 proelium
989 992 1136 1065 superest;
1175 1006 1234 1063 quo

156 1070 286 1132 confecto
313 1076 342 1131 et
369 1070 417 1131 ille
449 1089 532 1131 suam
565 1071 735 1148 dignitatem
768 1077 798 1132 et
829 1090 882 1132 nos
916 1077 1044 1132 nostram
1072 1073 1234 1133 libertatem

117 1153 408 1233 erecuperabimus’.
463 1156 554 1217 Simul
582 1158 736 1234 respiciens
765 1157 918 1218 (tamarem
950 1148 1102 1234 ‘Faciam',
1130 1159 1235 1235 inquit,

151 1234 263 1324 hodie,
291 1241 461 1319 imperator,
484 1247 517 1302 ut
538 1247 589 1301 aut
611 1241 677 1303 viro
699 1241 769 1301 mihi
791 1247 842 1302 aut
869 1247 984 1317 mortuo
1012 1243 1120 1319 grades
1141 1233 1234 1324 agas’.

154 1328 236 1388 Haec
256 1345 322 1387 cum
345 1327 478 1406 dipissst,
499 1327 615 1404 primus,
631 1345 669 1386 ex
690 1328 792 1388 dextm
814 1346 905 1388 cornu
931 1329 1124 1406 procucurrit,
1146 1334 1235 1404 atquc

154 1430 221 1473 eum
249 1412 331 1487 electi
357 1413 461 1508 mittes
490 1415 603 1473 circiter
632 1431 690 1472 cxx
718 1393 873 1473 iolunuiti
903 1393 1043 1494 [eiusdhm
1076 1406 1232 1498 centuriae]

155 1503 223 1558 sunt
244 1498 399 1574 prosecuti.

239 1577 296 1646 92.
319 1583 398 1642 Inter
420 1582 493 1642 duas
515 1582 590 1643 acies
613 1586 727 1642 tantum
750 1587 812 1642 erat
833 1583 964 1643 relietum
986 1582 1087 1660 spatii,
1108 1587 1142 1643 ut
1163 1583 1234 1642 satis

153 1672 228 1728 esset
260 1667 297 1726 ad
326 1684 498 1728 concursum
526 1669 678 1743 utiusque
710 1668 860 1728 exercitus.
906 1667 964 1728 Sed
993 1668 1148 1746 Pompeius
1174 1669 1234 1728 suis

152 1753 347 1829 praedixerat,
383 1758 417 1812 ut
453 1753 583 1814 cacans
617 1753 757 1830 impetum
794 1753 959 1830 exciperent
994 1772 1069 1813 neve
1104 1771 1135 1813 se
1169 1754 1234 1813 loco

116 1844 301 1898 imoverent
331 1838 480 1914 aciemque
511 1841 574 1898 eius
606 1837 725 1898 distrahi
752 1843 935 1916 paterentur3
968 1838 1056 1915 idque
1084 1839 1234 1898 admonitu

155 1922 187 1982 0.
210 1923 314 1983 Triarii
335 1922 437 1984 fecisse
458 1924 620 2002 dicebatur,
647 1928 680 1983 ut
701 1925 813 1998 primus
835 1925 966 1993 incursus
987 1924 1090 2000 visque
1110 1923 1234 1984 militum

152 2007 357 2086 infringeretur
378 2009 512 2085 aciesque
533 2008 742 2069 distenderetur
760 2015 850 2085 atque
870 2009 900 2068 in
922 2008 982 2069 suis
1004 2009 1154 2070 ordinibus
1176 2009 1234 2069 dis·

101 2088 123 2160 ἲ
151 2094 236 2170 positi
265 2095 408 2171 dispersos
436 2095 632 2173 adorirentur3
661 2093 811 2170 leviusque
838 2112 940 2154 casura
967 2094 1026 2172 pila
1047 2095 1183 2172 sperabat
1202 2095 1234 2154 in

150 2257 237 2312 beitet
254 2259 333 2312 hatte
352 2251 417 2312 aut'.
451 2258 516 2326 Vgl.
534 2263 558 2323 3,
578 2264 618 2324 17,
637 2264 664 2312 5:
716 2261 809 2312 ocrem
828 2257 1015 2328 aciemque..
1035 2296 1042 2310 .
1064 2260 1233 2328 poterentur.

149 2341 237 2379 uuum
263 2325 366 2379 iactare
394 2325 426 2379 de
451 2326 569 2381 iudutiic
592 2326 666 2381 oebe-
716 2324 790 2380 Neoe
812 2328 951 2379 mouereut
971 2325 1010 2380 ist
1032 2341 1068 2379 au
1085 2325 1234 2382 verbinden

150 2393 367 2462 meutiooimepue
384 2394 550 2447 contrudere.
716 2393 769 2447 mit
785 2396 818 2447 ut
833 2394 998 2472 acciperent,
1022 2394 1078 2448 und
1095 2393 1234 2464 aciemque

183 2466 209 2514 4.
241 2461 457 2530 exposcentibus,
485 2462 603 2516 ndmlich
629 2462 666 2516 oi
716 2461 905 2516 eimdictrahs
940 2463 1233 2531 otereuturhdugtcls

146 2545 240 2598 prium.
282 2529 336 2584 VII
361 2533 401 2594 19,
424 2534 456 2583 4:
486 2529 587 2584 milites
605 2570 612 2584 .
630 2569 664 2584 ..
715 2528 827 2584 aweites
845 2529 907 2584 elie
943 2547 997 2585 von
1014 2530 1114 2585 diesem
1135 2532 1168 2584 ut
1188 2532 1233 2586 ab.

148 2597 258 2668 Quum
271 2597 372 2666 proelii
390 2601 567 2676 exposcentes.
718 2597 828 2667 Vg1.11
851 2602 892 2666 21,
917 2603 946 2652 2:
981 2598 1025 2652 uti
1049 2614 1115 2652 suae
1137 2597 1233 2667 prieti·

182 2667 224 2722 91.
245 2670 266 2720 l.
286 2665 333 2735 qui
349 2665 457 2735 fuistis,
480 2665 521 2721 uls
538 2666 582 2721 ich
600 2683 665 2723 cuer
715 2681 768 2719 uae
779 2665 890 2720 uirtutis
907 2666 1068 2720 memoriam
1085 2670 1234 2722 retimremt

148 2734 308 2804 Primipilus
320 2750 385 2789 war.
400 2733 483 2788 -im
502 2736 605 2790 oratori
617 2775 624 2789 .
637 2775 664 2790 ..
715 2750 777 2787 ueu
793 2733 1022 2804 perturbarentur
1038 2734 1131 2789 auimo
1148 2734 1232 2789 booti-

149 2819 259 2876 pperam
272 2803 343 2856 datr.
360 2803 467 2858 Ebenso
479 2751 535 2858 tu.
546 2821 574 2874 p.
587 2803 663 2859 ano.
714 2819 826 2871 umque
842 2802 976 2873 impetum
992 2803 1103 2871 fortiter
1116 2803 1232 2858 metius·

150 2874 194 2924 16:
212 2871 237 2925 io
255 2887 333 2940 quem
348 2870 512 2926 (loeoeuuiae
525 2872 591 2927 dore
603 2888 664 2943 ope·
714 2874 782 2925 reret.
792 2870 968 2941 -impetum
978 2866 1233 2942 emcipereut‘ruhig

147 2956 209 2993 ram
226 2956 304 2993 memo
322 2940 483 3005 miraretur;
505 2936 539 2995 ad
556 2941 620 2995 fam.
638 2947 664 3007 7,
714 2934 871 3003 erwarten';
884 2955 906 2994 e.
922 2942 963 3004 93,
976 2944 1004 2993 2:
1024 2938 1077 2993 telo
1088 2940 1174 2994 micro
1185 2957 1232 2994 eou-

148 3011 190 3073 24,
204 3012 235 3069 23
253 3007 346 3062 Plant.
365 3008 432 3062 (list.
451 3012 476 3062 6.
714 3011 842 3128 ceperunt
873 3011 900 3061 et
932 3007 1064 3077 impetum
1094 3008 1232 3077 lepiouum

182 3079 206 3129 2.
219 3074 663 3140 libertatem‚dicunsdieFeinde
715 3078 843 3129 burruut.
877 3075 1152 3130 Selbstversthndlieh
1169 3077 1230 3130 soll-

152 3141 293 3197 entreillen
318 3143 416 3197 wolleu
442 3144 497 3197 und
524 3142 664 3199 entreissen
714 3149 761 3197 tcn
779 3143 818 3197 sie
830 3143 888 3198 sich
900 3143 979 3198 dabei
990 3144 1043 3198 mit
1054 3144 1131 3198 ihren
1143 3144 1231 3199 Sohil·

147 3209 265 3276 werden,
287 3226 367 3265 wenu
385 3212 423 3264 sic
442 3211 481 3265 sie
503 3227 544 3266 en.
562 3243 596 3252 -
613 3228 664 3267 mco
713 3211 766 3266 den
788 3228 824 3266 su
846 3212 949 3266 dechen
966 3213 1075 3266 suehen.
1093 3242 1127 3252 -
1144 3212 1231 3268 aciem

146 3281 270 3332 rostram
283 3278 300 3331 l.
313 3227 538 3346 (vorangesteht),
555 3279 600 3334 die
614 3296 663 3334 uns
799 3279 924 3334 distrahi.
960 3280 1027 3335 Pom
1048 3280 1106 3335 cius
1127 3281 1230 3349 wolltc,

146 3346 329 3467 flebdhrende
346 3346 398 3399 auf
412 3346 456 3399 die
468 3347 519 3400 wir
537 3347 578 3401 als
594 3348 663 3403 freie
713 3346 766 3401 dull
783 3347 828 3401 die
845 3348 942 3401 Linien
959 3349 1007 3403 der
1024 3297 1126 3403 thiodo
1144 3349 1230 3404 durch

172 3419 245 3468 dmer
280 3413 423 3483 Anspruch
463 3414 562 3482 haben,
603 3423 662 3470 ent·
712 3415 766 3470 den
777 3416 883 3470 Anlaut
897 3415 955 3469 sich
966 3416 1076 3471 loclsern
1086 3417 1142 3472 und
1154 3417 1230 3473 aeine

145 3483 295 3552 sprechend
320 3484 381 3537 dem
406 3481 454 3536 ille
475 3499 556 3538 oraru
573 3483 662 3554 dipui·
713 3483 800 3538 Lente
818 3484 891 3538 daun
908 3483 937 3536 in
954 3489 1038 3552 guter
1050 3485 1161 3540 Ordnun
1200 3486 1230 3542 in

147 3553 237 3605 tatem.
713 3550 891 3620 diewcniger
904 3552 1164 3632 geschlosscuenllc
1194 3570 1230 3610 en

180 3624 204 3673 a
233 3619 397 3687 uoluntarii,
431 3618 489 3674 also
514 3619 662 3689 jcdcnfalls
713 3619 760 3673 der
777 3619 879 3675 Fcinde
897 3620 1026 3676 emfallen
1043 3622 1150 3677 sollteu.

146 3687 215 3741 auch
233 3687 345 3743 evocati.
747 3691 771 3741 2.
792 3686 820 3742 0.
841 3687 957 3743 litorii:
980 3705 1003 3743 c.
1022 3694 1046 3755 5,
1064 3694 1088 3744 8.
1105 3719 1140 3731 -
1157 3690 1229 3746 acies

178 3755 221 3810 92.
241 3760 264 3810 1.
284 3759 392 3810 tautum
404 3796 411 3810 .
424 3796 431 3810 .
444 3796 451 3810 .
463 3755 557 3825 spatii,
574 3755 604 3810 in
615 3757 663 3811 der
712 3755 950 3822 (adversariorum)
974 3757 1173 3813 distaidmebrr
1194 3784 1229 3805 ==

146 3822 662 3903 chel100possus,gegen150lleter.
713 3822 911 3879 distraheretur
927 3825 957 3879 in
974 3827 990 3894 5
1010 3831 1032 3881 1.
1050 3857 1085 3866 -
1101 3827 1231 3897 dispositi

145 3921 180 3929 -
192 3894 277 3947 ut...
290 3896 443 3962 compererit
458 3909 523 3946 uere
540 3932 588 3947 ...
604 3909 661 3947 mo·
713 3892 777 3959 (sui)
800 3893 937 3964 dispersor
959 3897 1002 3960 (ι-
1024 3894 1170 3951 distractos
1193 3912 1229 3952 se
