2670 4336
180 245 242 304 236
562 243 613 297 DE
630 242 749 299 Buuuo
767 242 879 299 OIVlLl

151 429 166 478 2
181 438 235 480 sua
249 421 399 494 praesidia
414 420 611 479 circumduxit
625 426 715 493 etque
730 421 901 480 ostentavit.
923 419 1000 478 Nam
1015 424 1085 478 ante
1099 419 1130 477 id
1145 424 1264 492 tempus

181 523 264 564 nemo
289 511 341 564 aut
362 505 447 563 miles
469 511 522 564 ant
544 522 632 578 eques
654 523 672 564 a
695 504 821 564 Caesare
843 505 881 563 ad
895 505 1067 578 Pompeium
1088 506 1263 579 transierat,

181 608 246 649 curn
260 608 355 665 paene
370 591 475 649 cotidie
492 636 516 650 ..
533 608 551 649 a
566 591 703 665 Pompeio
719 591 757 649 ad
772 589 927 649 Gaesarem
945 591 1147 665 peringerent
1170 590 1264 662 vulgo

181 693 252 736 vero
265 667 420 756 [universi]
433 678 465 734 in
474 676 567 750 Epiro
578 683 667 749 atque
678 677 798 736 Aetolia
810 676 968 749 conscripti
982 676 1092 734 milites
1103 690 1264 747 earumque

149 763 333 835 tregionum
356 763 491 836 omnium,
515 779 590 835 qnae
612 761 772 820 adaesare
786 762 972 820 tenebantur.
1002 760 1059 820 Sed
1080 761 1113 819 hi
1135 760 1265 833 cognitis

180 849 313 905 omnibns
336 849 438 921 rebus,
466 863 518 905 seu
540 847 610 918 quid
632 848 663 905 in
685 848 897 906 munitionibus
920 847 1085 920 perfectum
1107 862 1166 904 non
1188 850 1263 920 erat,

180 949 231 990 seu
264 931 334 1003 quid
360 948 378 989 a
410 933 601 1005 peritioribus
640 933 686 990 rei
720 933 860 991 militaris
894 931 1057 990 desiderari
1095 931 1263 1005 videbatur,

179 1019 419 1091 temporibusque
441 1033 540 1075 rerum
563 1024 594 1075 et
615 1019 721 1092 spatiis
748 1020 879 1077 locorum
901 1023 932 1075 et
954 1017 1154 1075 custodiarum
1175 1017 1264 1075 varia

180 1103 338 1175 diligentia
366 1103 588 1172 animadversa,
621 1109 711 1177 prout
740 1106 879 1176 cuiusque
907 1119 1020 1177 eorum,
1055 1103 1105 1175 qui
1134 1100 1263 1174 negotiis

178 1193 348 1264 praeerant,
372 1193 425 1246 aut
438 1194 550 1247 natura
571 1193 625 1246 aut
646 1189 776 1247 studium
797 1189 923 1262 ferebat,
945 1188 1019 1246 haec
1041 1188 1078 1246 ad
1093 1186 1264 1260 Pompeium

179 1274 277 1332 omnia
298 1273 476 1333 detulerunt.

266 1351 319 1420 62.
345 1358 457 1430 Quibus
471 1360 524 1417 ille
547 1359 674 1432 cognitis
690 1358 911 1432 eruptionisque
926 1358 985 1417 iarn
1004 1363 1175 1431 antecapto
1197 1373 1264 1416 con·

180 1443 255 1518 silio,
271 1449 306 1502 ut
321 1443 554 1502 demonstratum
568 1450 623 1519 est,
637 1444 802 1516 tegimenta
817 1442 909 1516 galeis
924 1444 1034 1502 milites
1052 1460 1089 1501 ex
1103 1442 1264 1502 viminibus

139 1534 154 1583 2
180 1529 280 1586 facere
308 1534 399 1601 atque
427 1546 568 1603 aggerem
598 1530 682 1588 iubet
711 1533 902 1604 comportare.
946 1529 1002 1587 His
1031 1529 1146 1602 paratis
1174 1528 1264 1586 rebus

181 1630 321 1687 magnum
335 1631 489 1673 numerum
503 1615 580 1674 levis
595 1620 766 1673 armaturae
781 1619 812 1671 et
826 1615 1052 1686 sagittariorum
1065 1629 1264 1687 aggeremque

182 1715 295 1757 omnem
317 1705 406 1758 noctu
421 1701 453 1758 in
474 1701 598 1774 scaphas
614 1706 645 1759 et
659 1717 751 1759 naves
767 1700 914 1758 actuarias
932 1700 1057 1773 imponit
1072 1704 1103 1757 et
1117 1699 1153 1757 de
1167 1698 1266 1756 media

179 1879 251 1956 qood
276 1879 377 1957 oroqais
404 1918 432 1934 ..
457 1884 555 1935 vectem
581 1879 693 1935 armon·
746 1879 805 1934 sius
823 1879 868 1933 eiu
879 1879 975 1933 Plural
992 1878 1038 1945 ist,
1056 1879 1105 1933 das
1117 1877 1265 1932 Praedicat

177 1951 262 2001 accius
278 1947 384 2016 factast.
746 1947 784 2002 im
797 1947 928 2016 Singular
940 1963 976 2001 an
988 1947 1135 2016 folgenden
1147 1946 1264 2001 Stellen:

210 2020 234 2069 2.
250 2016 434 2086 perfapgreot
452 2017 522 2071 ohne
533 2015 645 2084 Subjeot
658 2042 691 2062 ==
748 2020 772 2085 1,
790 2020 814 2080 9,
833 2021 861 2069 5:
881 2015 967 2070 libera
984 2014 1095 2070 comitia
1112 2018 1195 2085 atquo
1207 2029 1265 2068 om·

177 2099 205 2138 es
226 2084 325 2139 kamen
342 2084 513 2140 Uberibuier.
545 2084 623 2138 Doch
635 2083 693 2152 vgl.
746 2083 791 2138 ob
808 2099 852 2138 res
868 2083 979 2154 publico
995 2083 1105 2138 amictui
1122 2122 1129 2137 .
1148 2122 1155 2136 .
1174 2122 1181 2136 .
1203 2098 1265 2152 pcr-

176 2152 201 2206 d.
222 2152 271 2206 Kr.
292 2154 363 2222 Anh.
389 2186 424 2194 -
447 2153 527 2222 culpo
550 2169 613 2206 vero
641 2152 693 2206 deu
746 2152 886 2216 mittebam
906 2156 984 2217 1,17,
1001 2156 1032 2206 l:
1049 2168 1078 2206 se
1095 2151 1267 2220 cohortesque

176 2220 318 2275 einzelnen
336 2221 518 2276 Uberibuiern
543 2225 693 2303 entgegen·
743 2221 864 2289 amplius
873 2219 964 2274 XXX
972 2236 1154 2289 macetumque
1165 2235 1261 2273 aum·

176 2293 285 2355 gesetut
298 2284 694 2352 ί1ιι11111111,εο1ι1ιιιιινοίιι,
742 2305 806 2342 raon
824 2327 851 2342 ..
864 2328 871 2342 .
889 2304 944 2343 esse
960 2292 1117 2354 centorum
1137 2292 1160 2353 1,
1173 2291 1214 2355 40,
1230 2292 1260 2342 3:

176 2355 263 2409 wieV
275 2360 317 2420 33,
336 2361 364 2410 6:
383 2355 489 2421 accidit,
508 2356 692 2426 ...atoalyo
744 2372 804 2410 cmm
826 2399 832 2411 .
852 2397 858 2409 .
877 2399 883 2412 .
906 2356 1102 2426 impedimenta
1123 2359 1150 2410 et
1169 2355 1263 2411 omnia

175 2422 276 2477 milites
298 2425 334 2479 ab
356 2423 443 2494 alpais
466 2424 644 2487 discederem&
669 2428 693 2490 1,
744 2424 880 2547 §quibam
891 2429 1060 2495 ecgberctum
1078 2429 1103 2491 2,
1115 2430 1157 2492 37,
1169 2429 1199 2479 4:
1216 2423 1263 2478 acti

176 2496 218 2557 14,
238 2495 265 2546 1:
291 2492 405 2547 liberam
422 2492 497 2546 aucti
514 2491 615 2547 milites
632 2508 692 2546 ecoe·
762 2510 815 2547 roae
833 2492 949 2562 legiones
966 2493 1088 2562 reliquus
1105 2510 1139 2548 cc
1156 2493 1262 2562 equita

176 2559 332 2616 hamram
353 2561 515 2630 facultatem
530 2561 692 2631 1111901110-
744 2564 788 2615 tus
870 2561 1076 2616 1111111111.-
1102 2562 1205 2616 arebam
1224 2577 1261 2616 zu

175 2576 280 2683 cedant.
293 2660 327 2668 -
339 2629 639 2700 corumqucropa'oacm
655 2645 692 2683 so.
745 2633 767 2697 1,
786 2635 828 2696 51,
847 2633 869 2683 1.
897 2630 936 2685 Ob
945 2631 1067 2685 Waehon
1084 2630 1140 2684 und
1158 2630 1263 2684 Posten

174 2696 360 2775 oolliba-in
370 2698 459 2778 iisque
469 2698 625 2768 regionibus
636 2714 692 2752 oon·
743 2697 894 2752 ordentlich
912 2698 971 2752 ihre
989 2698 1182 2766 Schuldigkeit
1199 2703 1261 2767 tun,

174 2765 376 2821 cadurcensem
396 2769 426 2821 b.
743 2767 831 2836 hbngt
847 2769 876 2821 in
894 2774 981 2821 erster
993 2767 1072 2821 Linic
1084 2783 1138 2821 von
1149 2766 1262 2822 derGe·

209 2838 233 2888 3.
253 2834 307 2889 Sed
324 2836 350 2890 la
390 2841 404 2890 t
422 2835 492 2890 nach
508 2834 584 2889 einer
592 2834 692 2888 Unter·
743 2834 914 2890 wissenhafti
935 2836 994 2889 heit
1021 2835 1069 2890 der
1094 2834 1262 2904 Vorgesetu·

175 2902 294 2957 breehun
337 2903 440 2958 wieder
461 2918 497 2957 zu
518 2904 566 2957 der
584 2902 692 2971 Haupt·
742 2908 790 2958 ten
808 2902 853 2958 ab.
873 2935 904 2942 -
974 2919 1049 2958 c...
1067 2903 1169 2968 omnio,
1189 2903 1263 2959 nach

175 2970 267 3038 sache,
295 2919 356 3026 dem
380 2970 566 3041 eigentlichen
588 2971 692 3025 Thema
743 2971 858 3042 apoto
876 2971 1002 3027 omuibus
1019 2972 1108 3027 rebus.
1141 2971 1169 3027 S.
1187 2987 1224 3026 zu
1238 2977 1263 3042 1,

175 3038 240 3092 oder
257 3038 305 3094 der
325 3040 503 3108 begonnenen
520 3039 691 3108 Erathlung,
745 3045 787 3105 36,
805 3045 829 3094 5.

174 3107 453 3188 zurich-copositio
464 3107 692 3162 omuibusrebuo:
776 3108 863 3165 621,
922 3107 1263 3178 ibusiliecogoitimuc.

174 3189 213 3226 sre
235 3174 333 3229 hatten
356 3176 414 3229 such
431 3176 530 3230 Runde
546 3191 600 3229 von
617 3175 691 3230 allen
745 3176 887 3246 12‚1.Qoi
946 3176 1264 3239 ohnerebcaweilbaec

174 3241 326 3325 subglichen
334 3242 542 3298 Verhtltnissen
560 3244 615 3297 und
624 3243 691 3298 Vor·
743 3244 838 3299 omnia
849 3244 1030 3299 unmittelbar
1038 3245 1214 3313 sorhergsht.
1225 3275 1263 3285 -

173 3311 691 3434 1111111111111111111
741 3312 1017 3448 eliquabit}
1042 3316 1094 3436 ti
1120 3317 1264 3438 tritt

112 3470 123 3494 ο
173 3447 221 3501 das
234 3447 373 3515 Folgendc
391 3447 575 3502 crltutert-
591 3450 690 3517 tempo·
741 3449 937 3503 derBlockade
954 3464 990 3503 zu
1004 3448 1264 3516 benebentanum

173 3515 425 3570 ribus..rerum=
439 3532 491 3584 quo
501 3515 618 3594 quidque
627 3519 691 3571 tem·
742 3516 840 3571 Linien
857 3516 1067 3574 durchbrschen.
1080 3549 1113 3559 -
1132 3518 1186 3588 tegi

172 3600 238 3653 pore
255 3583 318 3652 11111
334 3585 445 3640 solebat.
458 3615 493 3623 -
506 3584 691 3654 111111181οω-
743 3588 836 3639 1α
855 3601 889 3638 eor
905 3585 1055 3641 viminibus
1070 3587 1168 3656 fucere.
1199 3587 1264 3644 Dan

172 3669 247 3706 rom:
275 3653 319 3708 die
337 3653 625 3717 Ranmverhbltnisse,
647 3654 691 3708 dis
741 3653 839 3708 Zweck
850 3653 940 3708 dieser
951 3654 1092 3736 Massregel
1109 3673 1131 3710 s.
1143 3672 1166 3710 c.
1179 3660 1223 3723 63,
1236 3662 1263 3714 ’1.

173 3719 383 3791 Entfernungen
396 3723 445 3776 der
457 3721 596 3777 einzelnen
609 3721 691 3776 wich·
741 3752 775 3760 -
793 3737 930 3792 opperem:
954 3723 1080 3778 Matenal
1102 3741 1166 3779 zum
1188 3725 1265 3780 Aus-

173 3789 253 3856 tigen
265 3789 643 3845 Punhte-oao'madceraoz
656 3806 692 3845 au
742 3789 830 3845 idllen
847 3792 896 3845 der
913 3791 1079 3846 ieindliohen
1097 3793 1216 3848 Grb'ben.

172 3860 198 3920 2,
221 3861 261 3923 ab,
281 3861 305 3910 4.
340 3859 382 3911 Im
405 3859 437 3912 Β.
460 3858 518 3913 Oiv.
545 3859 621 3912 steht
646 3858 690 3913 bei
776 3863 801 3913 2.
824 3875 957 3930 mapsam
978 3875 1054 3914 nam.
1078 3861 1144 3916 levia
1167 3877 1264 3918 amo-

173 3924 315 3980 rnehreren
339 3925 499 3995 subjector,
524 3942 578 3980 von
604 3926 691 3982 denen
743 3929 831 3982 boae:
857 3943 893 3982 zu
914 3932 939 3996 2,
957 3933 998 3994 34,
1017 3933 1041 3984 3.
1060 3959 1094 3970 -
1115 3947 1200 3986 moes
1217 3949 1265 3987 ao
