2670 4336
202 197 264 258 198
575 198 625 254 Dm
642 198 760 254 Bittio
779 199 894 254 01va

198 375 348 450 praesidio
381 375 472 434 secuti
505 380 587 450 sunt,
621 392 652 433 se
678 375 873 434 defenderunt
900 379 929 434 et
959 392 1018 434 non
1050 376 1140 435 nullis
1172 392 1274 434 eorum

202 461 369 519 interfectis
391 461 550 519 incolumes
572 476 603 518 se
625 460 662 518 ad
684 466 800 519 nostros
822 466 1004 534 receperunt.

285 538 341 608 29.
366 545 429 616 Quo
450 547 530 604 iacto
552 551 713 604 conventus
734 547 842 605 civium
856 545 1061 621 Romanorum,
1085 546 1135 619 qui
1156 546 1285 604 Lissum

198 631 380 705 obtinebant,
403 631 479 703 quod
500 631 638 704 oppidum
658 632 697 690 iis
711 636 800 690 antea
815 631 923 690 Caesar
945 632 1128 690 attribuerat
1141 631 1275 689 munien-

198 716 324 788 dumque
346 715 517 791 curaverat,
540 716 701 775 Antoninm
729 717 842 790 recepit
862 717 1053 789 omnibusque
1078 718 1166 774 rebus
1187 716 1276 776 iuvit

200 800 344 861 Otacilius
366 801 423 859 sibi
438 801 544 860 timens
559 818 596 859 ex
611 803 716 876 oppido
737 802 817 875 fugit
839 808 870 860 et
884 802 922 859 ad
936 801 1107 875 Pompeium
1128 801 1278 874 pervenit.

160 893 176 943 2
197 887 350 960 Expositis
378 887 470 959 copiis
491 886 652 962 Antonius,
685 903 807 960 quarum
835 892 902 944 erat
927 903 1039 945 summa
1064 893 1276 946 veteranarum

199 973 290 1030 trium
311 971 460 1044 legionum
482 972 625 1044 uniusque
647 972 776 1030 tironum
798 977 829 1029 et
856 972 988 1045 equitum
1009 989 1095 1046 neoc,
1117 972 1277 1045 plerasque

197 1073 290 1116 naves
310 1057 342 1114 in
356 1056 477 1114 Italiam
498 1057 626 1115 remittit
648 1057 685 1115 od
706 1057 834 1129 reliquos
854 1056 962 1115 milites
984 1057 1154 1129 equitesque
1176 1062 1276 1115 trans·

162 1142 372 1217 sportandom
394 1147 545 1218 pontones,
567 1142 643 1215 quod
665 1146 711 1200 est
732 1158 825 1215 genus
847 1142 967 1200 navium
983 1141 1172 1216 Gallicarum,
1195 1141 1277 1201 Lissi

198 1227 349 1301 relinquit,
372 1227 427 1284 hoo
441 1227 574 1301 oonsilio,
596 1238 637 1301 ut,
661 1228 687 1286 si
700 1227 779 1285 forte
792 1226 950 1300 Pompeius
964 1244 1087 1287 vacuam
1102 1227 1277 1286 existimans

198 1312 319 1373 Itnflam
348 1328 381 1370 eo
409 1312 577 1371 traiecisset
604 1313 778 1387 exercitum,
808 1328 882 1385 quae
909 1313 1006 1386 opinio
1033 1319 1100 1371 erat
1131 1312 1212 1371 edita
1244 1313 1277 1371 in

198 1397 322 1471 vulgus,
353 1397 482 1470 aliquam
503 1396 614 1456 Caesar
644 1397 682 1455 ad
708 1397 918 1471 insequendum
943 1398 1117 1456 facultatem
1142 1397 1275 1472 haberet,

161 1492 177 1542 1
198 1482 376 1555 nuntiosque
398 1483 435 1541 ad
458 1499 523 1541 eum
538 1483 675 1542 celeriter
689 1482 792 1557 mittit,
809 1483 913 1555 quibus
929 1484 1098 1556 regionibns
1114 1484 1276 1541 exercitum

200 1568 384 1642 exposuisset
405 1573 436 1626 et
458 1568 528 1641 qnid
549 1569 676 1627 militum
698 1568 919 1627 transvexisset.

283 1645 340 1716 30.
362 1653 445 1711 Haec
477 1654 576 1712 eodem
607 1655 670 1712 fere
699 1659 830 1727 tempore
859 1651 969 1712 Caesar
1002 1658 1091 1725 atque
1118 1652 1277 1725 Pompeius

198 1743 385 1811 cognoscunt.
428 1738 505 1796 Nam
541 1744 764 1812 praetervectas
799 1739 987 1812 Apolloniam
1018 1737 1278 1811 Dyrrachiumque

201 1918 264 1956 rom
287 1904 314 1956 et
336 1918 402 1971 quoa
424 1919 458 1956 ec
477 1900 632 1972 Aquitania
654 1918 715 1956 coo·
764 1901 870 1956 circilo
886 1900 996 1956 maison
1014 1898 1069 1953 XL
1077 1906 1092 1964 ;)
1115 1899 1172 1968 vgl.
1189 1898 1217 1952 ll
1236 1903 1280 1964 33,

202 1969 715 2039 dooerot3V1155‚5:ioterfectis..
765 1975 795 2024 τι
820 1969 941 2039 capitum
963 1984 1092 2022 numerus
1175 1967 1281 2021 relatus

201 2038 357 2093 amicalibus
379 2038 480 2109 quique
503 2055 533 2092 eo
557 2038 716 2108 moliundi
765 2041 806 2092 eoi
829 2037 961 2092 milium
978 2035 1067 2090 LIII.
1102 2035 1163 2090 Und
1190 2051 1219 2089 so
1240 2035 1281 2090 ist

202 2123 286 2161 causo
305 2110 497 2170 monocerotem
520 2111 544 2173 3,
564 2111 604 2172 18,
623 2112 650 2161 5:
674 2123 715 2161 co·
764 2105 855 2175 gemiti
882 2106 952 2160 anch
983 2106 994 2158 1
1022 2108 1063 2170 29,
1091 2108 1106 2157 2
1132 2119 1168 2157 zu
1190 2103 1279 2159 lesen:

201 2174 718 2253 hmtibue...rellcoiaqo4quemaat
765 2185 921 2242 (quorum
969 2172 1115 2227 omnium
1157 2182 1281 2234 rerum)

268 2241 344 2312 sopri
367 2242 504 2311 deposita.
527 2274 561 2284 —
585 2259 619 2296 ec
637 2260 716 2312 proe-
764 2258 894 2297 sommo
916 2244 989 2296 oroi
1004 2244 1125 2362 rigatum
1142 2239 1281 2294 Helvetio-

200 2309 286 2364 sido'o:
321 2326 375 2363 von
405 2311 454 2364 der
481 2310 640 2380 Besatzung
668 2311 716 2364 der
765 2327 827 2363 riom
861 2309 993 2364 mittum
1065 2307 1180 2362 LXIII
1202 2323 1282 2374 usw,

204 2378 293 2432 Stadt.
766 2377 870 2432 obwohl
903 2378 948 2432 die
974 2377 1037 2431 Has.
1072 2376 1152 2430 mllio
1176 2375 1280 2442 haben3

235 2446 277 2500 to.
303 2445 416 2513 Lquod
492 2444 716 2499 'dum...ottrt
765 2446 836 2500 donn
863 2445 893 2500 in
909 2446 956 2501 der
985 2443 1196 2500 Urhandschrift
1221 2459 1282 2499 war

202 2513 312 2568 hamat:
330 2513 441 2567 wthren
477 2514 576 2568 Caesar
593 2512 634 2566 als
650 2512 715 2567 Pro·
766 2514 838 2568 wohl
850 2512 1022 2583 regelmtliig
1033 2513 1091 2567 mil.
1103 2511 1282 2582 geschricbcn

201 2583 295 2637 consul
312 2581 421 2637 Gallien
438 2582 493 2636 nni
505 2580 654 2648 Illyricum,
671 2597 716 2636 wo
767 2583 831 2636 oder
858 2582 902 2637 ein
920 2581 1009 2636 Strich
1035 2582 1103 2637 tiber
1129 2581 1177 2635 das
1200 2579 1282 2634 Zahl·

201 2651 295 2706 nisam
313 2650 369 2719 lag,
386 2650 554 2704 verwaltete.
766 2649 876 2705 reichen
903 2657 1020 2719 gesatzt
1046 2650 1102 2704 und
1128 2650 1203 2704 diese
1219 2648 1282 2703 Ab·

235 2723 259 2773 2.
286 2717 433 2788 Repositis
459 2717 544 2800 copiis
569 2716 716 2783 Antonios,
765 2716 1282 2800 klirzungsnsindvondenAbschrei·

201 2785 717 2921 ffffifaiilloffieyffitemnffi
766 2783 1284 2935 &Ioalfhrsssffisssalsssshalssigffi

202 2923 289 2978 Stelle
300 2923 339 2978 ist
350 2922 379 2977 in
390 2923 442 2977 dan
454 2922 569 2977 Hdschr.
581 2938 629 2976 ver
648 2922 716 2977 erbt.
766 2922 1035 2989 unwahrschemlrch,
1065 2921 1118 2976 lat
1147 2921 1209 2975 Inv.
1230 2925 1284 2999 12,

202 2991 351 3046 Vialleicht
368 2990 406 3045 ist
424 3007 459 3045 uu
477 2992 564 3046 lesen:
586 2990 716 3060 onpositm
767 2996 860 3060 51,11
888 3007 1015 3046 summa
1041 2990 1124 3045 totius
1150 2991 1286 3044 mercatus

202 3058 341 3113 Antoniou
362 3058 454 3128 copiis.
472 3090 506 3099 —
524 3076 640 3128 potorum
657 3064 719 3115 erat
768 3060 918 3130 triptota
943 3075 1061 3114 novem
1086 3057 1185 3113 milla
1205 3057 1285 3126 pedi-

201 3143 311 3180 summo
345 3130 425 3180 veter.
459 3127 543 3182 mum
573 3127 717 3198 leytsam,
768 3132 826 3183 tum
844 3131 945 3182 eruat
960 3143 995 3182 zu
1013 3128 1088 3182 lesen
1106 3127 1150 3181 ist.
1163 3155 1195 3164 -
1209 3125 1286 3180 mlli-

202 3195 271 3249 zwsi
289 3194 418 3250 Genitive
439 3196 644 3251 verschiedener
659 3197 717 3251 Art
769 3200 807 3252 tea
824 3196 989 3265 equitecqcoe:
1006 3211 1040 3250 zu
1060 3200 1083 3261 1,
1102 3200 1143 3256 54,
1164 3200 1185 3249 1.

203 3278 256 3317 von
268 3263 329 3316 dem
343 3262 435 3318 Subst.
446 3279 556 3318 mmmm
567 3265 716 3333 abitum,

202 3332 251 3386 der
275 3331 321 3386 des
346 3331 491 3411 geuthlten
511 3333 716 3401 Gegeustandes

203 3405 212 3464 (
267 3416 331 3455 rum
354 3407 503 3470 ceptorum)
527 3400 582 3454 nnd
604 3401 653 3455 der
669 3400 717 3455 der

225 3469 388 3538 ahlaugabe‚
396 3469 541 3538 genetivus
549 3468 715 3536 definitivus,

802 3303 826 3353 3.
840 3301 982 3367 postoima.
1014 3297 1108 3351 Isidor.
1131 3296 1176 3352 Or.
1197 3300 1237 3361 19,
1258 3301 1284 3366 1,

766 3382 809 3422 no.
822 3371 868 3421 24:
886 3364 1054 3421 Pootom'om
1070 3365 1213 3435 accipiam
1227 3364 1286 3434 flu·

766 3434 869 3489 micale
899 3434 1009 3488 tardam
1039 3437 1065 3487 et
1087 3450 1177 3503 prave,
1209 3435 1286 3502 qood

204 3536 718 3674 ,amaraco
766 3519 895 3626 eoo
911 3501 1286 3635 toln

204 3673 339 3728 milium
356 3689 494 3752 amamus,
512 3673 614 3728 ebenla
634 3678 673 3753 it,
685 3680 716 3728 3:
767 3655 850 3693 '²4²’oe
867 3655 1010 3694 ‘meram
1028 3637 1124 3692 XXX·
1269 3734 1277 3756 ‚

203 3758 265 3796 ouon
282 3741 430 3795 testeam
447 3757 576 3796 aimerus
596 3745 717 3811 cupatum
800 3740 843 3797 30.
863 3746 885 3795 1.
896 3758 952 3810 apsa
974 3741 1059 3796 mitei
1082 3757 1150 3796 enen
1160 3740 1288 3811 Augen,

206 3808 389 3866 CCCCXXX
403 3809 512 3864 militam
526 3809 636 3878 futurem
654 3809 716 3888 tVll
767 3807 806 3863 im
823 3808 978 3878 Gegensatz
1004 3825 1040 3864 zu
1061 3757 1118 3864 Ion
1142 3809 1171 3864 in
1188 3824 1289 3880 coqne-

205 3881 247 3945 28,
266 3883 296 3933 5:
314 3895 348 3933 aa
365 3878 442 3932 omui
458 3894 579 3943 nummo,
597 3877 645 3946 qui
661 3879 720 3946 scot
769 3880 848 3931 scoot
864 3879 1066 3947 angadeutoten
1078 3878 1122 3933 die
1134 3877 1291 3936 Nachricht
