2670 4336
563 257 584 310 Ι.
604 259 712 311 11-14.
1136 255 1176 314 31

96 433 249 511 nescitur,
284 432 362 507 quod
392 431 529 508 oppidum
558 431 654 490 Attius
682 430 848 491 cohortibus
881 430 974 489 tribus
1006 431 1179 493 introductis

96 520 214 580 tenebat
228 518 423 592 dilectumque
437 521 498 576 toto
510 517 617 577 Piceno
633 516 832 576 circummissis
846 515 1029 575 senatoribus
1043 515 1178 578 habebat

183 597 237 668 13.
260 602 395 661 Adventu
412 601 540 661 Caesaris
556 604 672 678 cognito
691 601 860 662 decuriones
873 600 993 659 Auximi
1014 602 1052 660 sd
1068 603 1178 662 Attium

96 691 207 749 Varum
228 687 394 762 frequentes
416 687 605 746 conveniunt:
630 686 733 747 docent
753 688 800 746 sui
821 686 921 745 iudicii
942 703 1003 745 rem
1017 706 1077 747 non
1099 706 1176 767 esse,

95 793 192 850 neque
213 792 244 834 se
265 790 361 848 neque
382 773 507 847 reliquos
528 772 687 847 municipes
708 772 769 849 pati
793 789 878 849 posse
900 771 931 831 Ο.
956 771 1107 833 Gaesarem
1128 774 1179 832 im-

96 865 257 938 peratorem
273 859 347 918 bene
369 856 405 917 de
419 875 450 917 re
464 857 581 931 publice
595 858 728 917 meritum
754 858 841 918 tantis
861 858 948 917 rebus
970 858 1057 933 gestis
1072 859 1179 935 oppido

96 945 306 1018 moenibusque
328 942 487 1019 prohiberi3
516 943 639 1019 proinde
659 942 766 1003 habeat
791 942 932 1002 rationem
954 944 1129 1018 posteritatis
1151 949 1180 1005 et

96 1030 216 1108 periculi
236 1029 290 1088 sui.
321 1026 452 1101 Quorum
468 1028 597 1088 oratione
618 1033 765 1104 permotus
780 1028 875 1087 Varus
896 1027 1078 1103 praesidium,
1101 1030 1181 1104 quod
1201 1035 1216 1086 2

96 1116 303 1187 introduxerat,
324 1131 361 1172 ex
382 1112 490 1190 oppido
512 1114 608 1174 educit
629 1132 664 1173 ac
684 1112 822 1189 profugit.
852 1114 940 1173 Hunc
961 1130 997 1172 ex
1019 1114 1112 1189 primo
1135 1133 1178 1174 or·
1200 1121 1215 1170 3

97 1200 166 1259 dine
186 1199 272 1276 pauci
288 1198 416 1258 Caesaris
439 1199 583 1258 consecuti
605 1199 708 1258 milites
730 1201 885 1258 consistere
900 1203 1064 1274 coegerunt.
1098 1198 1180 1260 (lom-
1202 1207 1217 1256 4

97 1285 184 1344 misso
213 1284 322 1361 proelio
345 1284 523 1344 deseritura
550 1284 609 1344 suis
632 1284 742 1361 Varus,
772 1302 831 1343 non
861 1283 941 1342 nulla
967 1296 1035 1360 pars
1057 1284 1179 1344 militum

98 1370 216 1430 domum
239 1369 369 1447 discedit3
392 1369 494 1445 reliqui
508 1370 546 1428 ad
562 1369 713 1430 Gaesarem
735 1369 915 1445 perveniunt,
937 1372 1025 1443 atque
1039 1388 1100 1428 une
1114 1388 1179 1430 eum

97 1455 132 1515 iis
155 1455 313 1531 deprensus
327 1454 361 1512 L.
378 1455 497 1531 Pupius,
519 1455 606 1531 primi
620 1455 673 1532 pili
688 1453 825 1530 centurio,
847 1452 1008 1530 adducitur,
1031 1455 1082 1529 qui
1103 1454 1181 1515 hunc

98 1540 221 1600 eundem
250 1540 379 1600 ordinem
410 1541 440 1598 in
463 1541 588 1600 exercitu
612 1540 663 1600 On.
687 1539 807 1615 Pompei
837 1543 923 1598 antea
944 1538 1075 1599 duxerat.
1118 1533 1178 1622 [At]
1202 1546 1217 1595 5

100 1625 205 1686 Caesar
225 1626 328 1685 milites
344 1625 476 1684 Attianos
498 1625 661 1703 conlaudat,
684 1624 808 1702 Pupium
831 1623 955 1702 dimittit
976 1625 1180 1685 Auximatibus

98 1711 159 1788 agit
181 1711 288 1787 gratias
309 1728 399 1785 seque
421 1729 521 1770 eorum
543 1709 611 1770 lacti
632 1729 788 1771 memorem
810 1709 873 1770 fore
894 1710 1052 1787 pollicetur.

185 1790 238 1857 14.
262 1795 375 1868 Quibus
401 1796 488 1854 rebus
510 1796 632 1855 Romam
661 1796 800 1855 nuntiatis
826 1800 924 1855 tantus
951 1801 1069 1872 repente
1090 1800 1181 1856 terror

100 1957 167 1995 oona
185 1940 226 1994 bis
238 1940 390 1994 Auximum
404 1941 504 2008 betrug
518 1945 549 1994 18
561 1941 617 1993 km.
660 1942 827 2006 inlaturum,
851 1941 883 1994 si.
920 1940 984 2009 Vgl.
1004 1945 1026 2006 1,
1045 1946 1087 2006 35,
1105 1945 1130 1994 3.
1148 1971 1182 1980 -

100 2041 132 2049 -
145 2008 246 2074 Attius,
264 2025 285 2062 s.
300 2024 323 2062 c.
341 2013 372 2061 31
387 2009 442 2062 und
454 2009 505 2062 den
515 2008 620 2075 Kampf
661 2008 762 2089 oppido
779 2008 977 2076 moenibusque,
988 2008 1182 2077 Beseichnung

99 2080 150 2132 mit
167 2076 249 2132 Curio
266 2076 296 2130 in
313 2075 417 2130 Afrilra
434 2076 472 2130 im
490 2081 514 2130 2.
531 2077 618 2130 Buch.
661 2092 735 2131 emes
762 2076 837 2131 Teils
863 2076 949 2130 neben
975 2076 1036 2130 dem
1061 2076 1180 2131 Gunzen

99 2148 136 2201 P..
149 2145 245 2200 Attius
263 2146 354 2199 Verus
377 2144 448 2199 blieb
471 2145 515 2199 ein
532 2145 618 2199 Feind
662 2146 734 2210 131,
757 2149 801 2199 12:
829 2161 904 2198 esem
925 2145 952 2197 la
978 2144 1182 2215 eudemum

100 2215 226 2277 Caesurs3
250 2229 279 2268 er
300 2213 424 2282 kimptte
442 2214 510 2268 noch
528 2228 618 2282 gegen
662 2213 744 2281 1113,
766 2218 793 2267 1:
818 2228 886 2282 opus
902 2159 1077 2268 iibnnonnm
1091 2214 1182 2268 muni·

99 2284 148 2338 ilrn
170 2282 208 2337 im
232 2281 435 2337 eirilxanischen
456 2282 512 2336 und
529 2298 542 2336 s
562 2281 620 2336 uni·
663 2282 815 2361 tionesqum
837 2281 893 2351 rgl.
911 2297 946 2335 su
964 2299 987 2336 o.
1006 2286 1048 2348 20,
1065 2287 1080 2336 2
1099 2299 1183 2351 opero

100 2349 525 2419 sehenKriegeundfielinderSo
556 2352 621 2405 aoht
663 2351 887 2420 munitionesque.
931 2381 962 2388 -
1006 2350 1182 2420 posteritatis.

101 2419 262 2475 beillunds.
276 2419 509 2473 -circummissis
526 2420 622 2474 deutet
663 2419 816 2474 Posteritus
839 2418 997 2473 bezeichnet
1019 2419 1079 2473 hier
1095 2418 1180 2486 nicht,

101 2505 148 2553 en,
175 2489 227 2542 des
257 2487 296 2542 sie
322 2487 391 2541 nech
413 2487 622 2542 verschiedenen
664 2488 716 2542 wie
734 2486 1182 2557 gewbhnlioh,dieZeitneehdem

100 2557 229 2611 Punkten
246 2556 388 2610 innerhalb
406 2555 480 2610 eines
497 2556 553 2610 fest
564 2571 621 2609 um·
663 2556 738 2610 'I'ode
752 2557 807 2611 und
825 2556 868 2610 die
881 2555 977 2618 Leute,
994 2555 1037 2609 die
1049 2556 1085 2609 da
1096 2556 1182 2624 leben,

100 2625 275 2680 schriebenen
309 2624 436 2678 Gebietes
466 2624 529 2692 teig.
548 2624 621 2678 eines
664 2626 779 2679 sondern
801 2624 845 2679 die
869 2623 993 2678 Zulrunit
1018 2624 1183 2692 tiberhaupt,

102 2693 224 2761 Kreises)
242 2693 384 2760 geschiokt
401 2693 520 2747 wurden.
665 2693 718 2747 wie
741 2693 785 2747 bei
803 2692 857 2747 Cio.
879 2692 913 2744 ad
931 2691 997 2744 fam.
1015 2696 1039 2759 2,
1054 2695 1092 2755 18,
1107 2695 1135 2745 3:
1157 2691 1183 2744 si

135 2761 177 2817 13
197 2766 220 2815 1.
240 2761 399 2815 Adventus.
412 2777 448 2816 zu
461 2778 484 2818 c.
498 2766 537 2825 12,
550 2766 574 2815 2.
589 2791 619 2800 -
665 2779 708 2816 me
729 2761 837 2824 audies,
860 2758 961 2813 citabis
978 2758 1140 2812 inimicitius
1158 2763 1185 2812 et

102 2829 259 2884 decuriones
275 2829 336 2882 sind
352 2829 396 2883 die
408 2829 565 2898 Mitglieder
576 2831 623 2885 des
664 2828 833 2900 posteritatis
850 2826 904 2882 otio
922 2827 1051 2880 censuim.

102 2898 200 2952 Senats
222 2897 298 2960 (ordo
322 2896 506 2960 decurionum)
524 2898 553 2952 in
571 2899 622 2952 den
700 2903 724 2952 3.
742 2915 775 2951 eu
796 2897 886 2966 primo
904 2894 1008 2960 ordine,
1026 2895 1074 2949 der
1091 2900 1183 2950 ersten

103 2966 231 3029 Stiidten,
250 2964 351 3018 welche
368 2965 427 3018 ihre
444 2967 622 3034 Angelegen·
665 2966 793 3021 Centurio
810 2967 858 3020 der
875 2970 966 3018 ersten
984 2963 1109 3018 Cohorte.

85 3032 196 3101 ¹heiten
213 3032 299 3085 selbst
315 3032 506 3099 verwalteten,
523 3033 553 3087 in
570 3034 622 3088 den
699 3043 723 3090 4.
744 3034 892 3089 Commisso
934 3031 1025 3085 roelio.
1061 3032 1087 3087 S.
1105 3047 1140 3086 zu
1159 3036 1183 3096 2,

102 3099 277 3167 Municipiem
296 3098 425 3152 Colonien
445 3100 501 3153 und
514 3101 623 3155 Prtieo·
665 3107 690 3171 3,
705 3109 726 3158 1.
747 3135 777 3142 -
790 3120 846 3157 non
863 3102 912 3156 nul
952 3116 1032 3170 pore:
1050 3099 1184 3155 einnicht

102 3172 254 3232 1111311115,
273 3172 306 3229 ll·
330 3197 360 3205 -
385 3166 430 3220 sni
451 3167 548 3222 iudicii
565 3185 622 3222 rem
664 3173 914 3227 unbetriehtlioher
939 3170 1008 3223 Tell.
1043 3186 1066 3224 c.
1089 3173 1131 3235 46,
1150 3173 1182 3222 2:

102 3254 159 3292 non
180 3251 248 3291 esse:
271 3235 353 3289 ihnen
375 3240 451 3289 siene
470 3235 513 3291 ein
531 3236 622 3291 Urteil
664 3239 870 3295 submotis...
893 3238 1045 3293 cohortibus
1071 3254 1103 3292 oc
1127 3253 1184 3292 non

102 3307 170 3361 iiber
187 3305 230 3360 die
243 3304 329 3359 Sache
346 3304 422 3358 nieht
434 3320 476 3370 uu,
496 3305 546 3359 aui
556 3320 622 3359 wes-
664 3307 743 3361 mello
759 3312 838 3377 purte
856 3351 861 3361 .
876 3351 881 3362 .
897 3347 904 3361 .
921 3307 953 3360 in
970 3306 1103 3375 oppidum
1115 3322 1184 3360 com·

103 3391 150 3430 sen
169 3374 243 3430 Seite
266 3375 314 3427 des
335 3371 449 3441 grutere
467 3373 556 3428 Reoht
573 3373 620 3428 sei.
663 3375 764 3444 pntsis;
783 3377 844 3441 Vll,
861 3381 903 3438 31,
915 3380 944 3429 4;
963 3391 1018 3429 esse
1035 3391 1091 3428 non
1107 3374 1184 3428 nullo

104 3442 169 3512 Vgl.
187 3460 209 3497 c.
228 3447 269 3509 35,
288 3447 312 3496 3.
335 3472 370 3480 -
390 3457 476 3510 neque
491 3459 520 3497 se
536 3458 621 3511 neque
663 3459 692 3497 se
719 3443 845 3497 Caesaris
875 3443 999 3510 beneficio
1029 3442 1184 3510 adsectnm;

104 3535 137 3556 a
154 3528 239 3580 neque
251 3514 381 3566 tamense
392 3527 488 3579 usqum
501 3511 561 3566 also
574 3527 621 3564 sn·
664 3510 719 3566 cic.
729 3511 800 3566 Phil.
812 3516 886 3578 1,11:
898 3511 942 3566 cni
950 3527 1011 3565 snm
1020 3510 1133 3575 omious,
1142 3509 1184 3563 id·

103 3580 244 3648 kniipiend
267 3595 302 3634 eu
325 3580 374 3633 das
394 3578 622 3648 Vorhergehende
682 3597 716 3634 ne
733 3596 775 3633 me
791 3596 848 3635 non
865 3581 941 3634 nnllo
959 3579 1017 3632 eius
1029 3577 1121 3645 officie
1139 3578 1184 3631 de-

104 3649 160 3702 und
188 3647 316 3717 zugleich
351 3647 510 3703 correlativ:
549 3648 622 3702 und
665 3597 726 3727 gene
743 3664 798 3727 esse
813 3665 881 3727 prae
898 3665 941 3702 me
957 3661 1063 3714 semper
1075 3645 1134 3698 tuli.
1150 3675 1186 3684 —

104 3717 178 3781 (oder
196 3717 289 3779 uber)
306 3717 397 3770 weder
410 3747 441 3755 -
454 3716 536 3777 noch:
549 3732 621 3784 ganz
665 3732 751 3786 pnme
766 3717 820 3784 pete
836 3719 902 3769 cent
938 3715 965 3770 S.
983 3729 1018 3767 zu
1038 3717 1060 3781 1,
1078 3717 1121 3780 46,
1139 3719 1163 3768 5.

105 3784 325 3850 ‘dimicuisse
338 3783 466 3838 Haeduis
477 3800 505 3838 se
517 3783 624 3838 obsides
700 3787 741 3839 14.
771 3788 793 3837 1.
825 3783 930 3852 Quibus
958 3781 1038 3835 rebus
1064 3780 1185 3837 Roumm

105 3853 277 3907 redditionem
305 3867 362 3905 non
390 3868 445 3907 esse
472 3868 557 3920 neque
581 3852 624 3906 bis
666 3851 811 3906 nuntiatis.
840 3851 885 3904 De
901 3851 1115 3920 dieBesetaung
1131 3866 1185 3905 von

106 3936 189 3990 neque
206 3935 299 3976 eorum
316 3919 396 3974 sociis
406 3919 513 3974 iniuria
525 3920 624 3975 bellum
666 3921 796 3990 Iguvium
821 3919 957 3975 awisehen
981 3919 1043 3973 dem
1067 3923 1107 3974 18.
1129 3919 1188 3972 und
