<?xml version="1.0" encoding="UTF-8"?>
<!DOCTYPE html PUBLIC "-//W3C//DTD XHTML 1.0 Transitional//EN"
    "http://www.w3.org/TR/xhtml1/DTD/xhtml1-transitional.dtd">
<html xmlns="http://www.w3.org/1999/xhtml" xml:lang="en" lang="en">
 <head>
  <title>
</title>
<meta http-equiv="Content-Type" content="text/html;charset=utf-8" />
  <meta name='ocr-system' content='tesseract 3.04.00' />
  <meta name='ocr-capabilities' content='ocr_page ocr_carea ocr_par ocr_line ocrx_word'/>
</head>
<body>
  <div class='ocr_page' id='page_1' title='image "./ciuliicaesarisc02krangoog/ciuliicaesarisc02krangoog_0059.png"; bbox 0 0 2670 4336; ppageno 0'>
   <div class='ocr_carea' id='block_1_1' title="bbox 141 224 843 284">
    <p class='ocr_par' dir='ltr' id='par_1_1' title="bbox 141 224 843 284">
     <span class='ocr_line' id='line_1_1' title="bbox 141 224 843 284; baseline -0.006 0"><span class='ocrx_word' id='word_1_1' title='bbox 141 225 184 284; x_wconf 84' lang='lat'><strong>38</strong></span> <span class='ocrx_word' id='word_1_2' title='bbox 523 225 573 280; x_wconf 81' lang='lat' dir='ltr'><strong>DE</strong></span> <span class='ocrx_word' id='word_1_3' title='bbox 590 224 707 281; x_wconf 75' lang='lat' dir='ltr'>BELDO</span> <span class='ocrx_word' id='word_1_4' title='bbox 727 225 843 281; x_wconf 89' lang='lat' dir='ltr'><strong>ClVlLI</strong></span> 
     </span>
    </p>
   </div>
   <div class='ocr_carea' id='block_1_2' title="bbox 102 400 1225 1500">
    <p class='ocr_par' dir='ltr' id='par_1_2' title="bbox 104 400 1225 818">
     <span class='ocr_line' id='line_1_2' title="bbox 104 400 1225 479; baseline 0.001 -20"><span class='ocrx_word' id='word_1_5' title='bbox 104 405 252 479; x_wconf 74' lang='lat' dir='ltr'><strong>sperent</strong></span> <span class='ocrx_word' id='word_1_6' title='bbox 295 401 362 476; x_wconf 92' lang='lat' dir='ltr'><strong>lpse</strong></span> <span class='ocrx_word' id='word_1_7' title='bbox 383 417 488 460; x_wconf 87' lang='lat' dir='ltr'><strong>arcano</strong></span> <span class='ocrx_word' id='word_1_8' title='bbox 510 418 576 460; x_wconf 91' lang='lat' dir='ltr'><strong>cum</strong></span> <span class='ocrx_word' id='word_1_9' title='bbox 604 400 704 479; x_wconf 82' lang='lat' dir='ltr'><strong>paucis</strong></span> <span class='ocrx_word' id='word_1_10' title='bbox 730 400 923 461; x_wconf 76' lang='lat' dir='ltr'><strong>familiaribus</strong></span> <span class='ocrx_word' id='word_1_11' title='bbox 949 403 1010 460; x_wconf 90' lang='lat' dir='ltr'><strong>suis</strong></span> <span class='ocrx_word' id='word_1_12' title='bbox 1040 401 1225 476; x_wconf 76' lang='lat' dir='ltr'><strong>conloquitur</strong></span> 
     </span>
     <span class='ocr_line' id='line_1_3' title="bbox 142 478 1222 568; baseline 0 -22"><span class='ocrx_word' id='word_1_13' title='bbox 142 486 352 560; x_wconf 93' lang='lat' dir='ltr'><strong>consiliumque</strong></span> <span class='ocrx_word' id='word_1_14' title='bbox 373 484 463 560; x_wconf 86' lang='lat' dir='ltr'><strong>fugae</strong></span> <span class='ocrx_word' id='word_1_15' title='bbox 479 478 601 568; x_wconf 84' lang='lat' dir='ltr'><strong>[capere]</strong></span> <span class='ocrx_word' id='word_1_16' title='bbox 617 486 773 546; x_wconf 82' lang='lat' dir='ltr'><strong>coustituit</strong></span> <span class='ocrx_word' id='word_1_17' title='bbox 818 485 891 546; x_wconf 88' lang='lat' dir='ltr'><strong>Cum</strong></span> <span class='ocrx_word' id='word_1_18' title='bbox 906 486 1003 545; x_wconf 90' lang='lat' dir='ltr'><strong>vultus</strong></span> <span class='ocrx_word' id='word_1_19' title='bbox 1020 486 1141 546; x_wconf 90' lang='lat' dir='ltr'><strong>Domitii</strong></span> <span class='ocrx_word' id='word_1_20' title='bbox 1155 503 1222 546; x_wconf 91' lang='lat' dir='ltr'><strong>cum</strong></span> 
     </span>
     <span class='ocr_line' id='line_1_4' title="bbox 142 571 1224 647; baseline 0 -16"><span class='ocrx_word' id='word_1_21' title='bbox 142 574 274 632; x_wconf 88' lang='lat' dir='ltr'><strong>oratione</strong></span> <span class='ocrx_word' id='word_1_22' title='bbox 295 589 353 630; x_wconf 91' lang='lat' dir='ltr'><strong>non</strong></span> <span class='ocrx_word' id='word_1_23' title='bbox 377 572 550 630; x_wconf 80' lang='lat' dir='ltr'><strong>consentiret</strong></span> <span class='ocrx_word' id='word_1_24' title='bbox 575 576 664 646; x_wconf 76' lang='lat' dir='ltr'><strong>atque</strong></span> <span class='ocrx_word' id='word_1_25' title='bbox 692 573 791 630; x_wconf 91' lang='lat' dir='ltr'><strong>omnia</strong></span> <span class='ocrx_word' id='word_1_26' title='bbox 818 571 1009 645; x_wconf 79' lang='lat' dir='ltr'><strong>trepidantius</strong></span> <span class='ocrx_word' id='word_1_27' title='bbox 1037 572 1224 647; x_wconf 81' lang='lat' dir='ltr'><strong>timidiusque</strong></span> 
     </span>
     <span class='ocr_line' id='line_1_5' title="bbox 141 656 1223 734; baseline -0.002 -18"><span class='ocrx_word' id='word_1_28' title='bbox 141 661 249 734; x_wconf 81' lang='lat' dir='ltr'><strong>ageret,</strong></span> <span class='ocrx_word' id='word_1_29' title='bbox 274 673 362 732; x_wconf 90' lang='lat' dir='ltr'><strong>quam</strong></span> <span class='ocrx_word' id='word_1_30' title='bbox 390 656 589 732; x_wconf 90' lang='lat' dir='ltr'><strong>superioribus</strong></span> <span class='ocrx_word' id='word_1_31' title='bbox 619 656 721 716; x_wconf 88' lang='lat' dir='ltr'><strong>diebus</strong></span> <span class='ocrx_word' id='word_1_32' title='bbox 750 661 922 732; x_wconf 78' lang='lat' dir='ltr'><strong>consuesset,</strong></span> <span class='ocrx_word' id='word_1_33' title='bbox 948 657 1130 731; x_wconf 90' lang='lat' dir='ltr'><strong>multumque</strong></span> <span class='ocrx_word' id='word_1_34' title='bbox 1157 675 1223 717; x_wconf 92' lang='lat' dir='ltr'><strong>cum</strong></span> 
     </span>
     <span class='ocr_line' id='line_1_6' title="bbox 141 740 1224 818; baseline -0.001 -16"><span class='ocrx_word' id='word_1_35' title='bbox 141 744 202 802; x_wconf 90' lang='lat' dir='ltr'><strong>suis</strong></span> <span class='ocrx_word' id='word_1_36' title='bbox 224 740 396 801; x_wconf 77' lang='lat' dir='ltr'><strong>consiliandi</strong></span> <span class='ocrx_word' id='word_1_37' title='bbox 418 759 506 800; x_wconf 89' lang='lat' dir='ltr'><strong>causa</strong></span> <span class='ocrx_word' id='word_1_38' title='bbox 526 745 636 801; x_wconf 89' lang='lat' dir='ltr'><strong>secreto</strong></span> <span class='ocrx_word' id='word_1_39' title='bbox 657 745 772 818; x_wconf 88' lang='lat' dir='ltr'><strong>praeter</strong></span> <span class='ocrx_word' id='word_1_40' title='bbox 791 741 1025 801; x_wconf 91' lang='lat' dir='ltr'><strong>consuetudinem</strong></span> <span class='ocrx_word' id='word_1_41' title='bbox 1041 743 1224 817; x_wconf 87' lang='lat' dir='ltr'><strong>conloquere</strong></span> 
     </span>
    </p>

    <p class='ocr_par' dir='ltr' id='par_1_3' title="bbox 102 825 1225 1416">
     <span class='ocr_line' id='line_1_7' title="bbox 102 825 1223 903; baseline -0.001 -16"><span class='ocrx_word' id='word_1_42' title='bbox 102 862 103 866; x_wconf 63' lang='lat'><em>=</em></span> <span class='ocrx_word' id='word_1_43' title='bbox 140 832 198 894; x_wconf 86' lang='lat' dir='ltr'><strong>tur,</strong></span> <span class='ocrx_word' id='word_1_44' title='bbox 219 826 339 886; x_wconf 91' lang='lat' dir='ltr'><strong>concilia</strong></span> <span class='ocrx_word' id='word_1_45' title='bbox 360 831 578 901; x_wconf 90' lang='lat' dir='ltr'><strong>conventusque</strong></span> <span class='ocrx_word' id='word_1_46' title='bbox 599 825 750 886; x_wconf 88' lang='lat' dir='ltr'><strong>hominum</strong></span> <span class='ocrx_word' id='word_1_47' title='bbox 771 825 894 902; x_wconf 79' lang='lat' dir='ltr'><strong>lugeret,</strong></span> <span class='ocrx_word' id='word_1_48' title='bbox 915 843 961 885; x_wconf 89' lang='lat' dir='ltr'><strong>res</strong></span> <span class='ocrx_word' id='word_1_49' title='bbox 975 825 1082 886; x_wconf 90' lang='lat' dir='ltr'><strong>diutius</strong></span> <span class='ocrx_word' id='word_1_50' title='bbox 1096 827 1156 903; x_wconf 83' lang='lat' dir='ltr'><strong>tegi</strong></span> <span class='ocrx_word' id='word_1_51' title='bbox 1169 827 1223 886; x_wconf 84' lang='lat' dir='ltr'><strong>dis</strong></span> 
     </span>
     <span class='ocr_line' id='line_1_8' title="bbox 104 911 1224 988; baseline 0.002 -18"><span class='ocrx_word' id='word_1_52' title='bbox 104 912 328 986; x_wconf 77' lang='lat' dir='ltr'><strong>ssimularique</strong></span> <span class='ocrx_word' id='word_1_53' title='bbox 350 929 409 970; x_wconf 93' lang='lat' dir='ltr'><strong>non</strong></span> <span class='ocrx_word' id='word_1_54' title='bbox 430 913 535 986; x_wconf 83' lang='lat' dir='ltr'><strong>potuit</strong></span> <span class='ocrx_word' id='word_1_55' title='bbox 578 912 733 988; x_wconf 89' lang='lat' dir='ltr'><strong>Pompeius</strong></span> <span class='ocrx_word' id='word_1_56' title='bbox 761 911 836 972; x_wconf 92' lang='lat' dir='ltr'><strong>enim</strong></span> <span class='ocrx_word' id='word_1_57' title='bbox 858 914 1056 988; x_wconf 86' lang='lat' dir='ltr'><strong>rescripserat:</strong></span> <span class='ocrx_word' id='word_1_58' title='bbox 1079 929 1142 972; x_wconf 90' lang='lat' dir='ltr'><strong>sese</strong></span> <span class='ocrx_word' id='word_1_59' title='bbox 1163 929 1224 972; x_wconf 89' lang='lat' dir='ltr'><strong>rem</strong></span> 
     </span>
     <span class='ocr_line' id='line_1_9' title="bbox 141 995 1224 1074; baseline 0.001 -18"><span class='ocrx_word' id='word_1_60' title='bbox 141 1000 174 1056; x_wconf 93' lang='lat' dir='ltr'><strong>in</strong></span> <span class='ocrx_word' id='word_1_61' title='bbox 194 1014 340 1057; x_wconf 91' lang='lat' dir='ltr'><strong>summum</strong></span> <span class='ocrx_word' id='word_1_62' title='bbox 361 995 521 1072; x_wconf 90' lang='lat' dir='ltr'><strong>periculum</strong></span> <span class='ocrx_word' id='word_1_63' title='bbox 542 996 733 1058; x_wconf 88' lang='lat' dir='ltr'><strong>deducturum</strong></span> <span class='ocrx_word' id='word_1_64' title='bbox 755 1015 814 1056; x_wconf 93' lang='lat' dir='ltr'><strong>non</strong></span> <span class='ocrx_word' id='word_1_65' title='bbox 835 1014 906 1074; x_wconf 85' lang='lat' dir='ltr'><strong>esse,</strong></span> <span class='ocrx_word' id='word_1_66' title='bbox 927 1014 1022 1072; x_wconf 89' lang='lat' dir='ltr'><strong>neque</strong></span> <span class='ocrx_word' id='word_1_67' title='bbox 1038 1015 1091 1056; x_wconf 91' lang='lat' dir='ltr'><strong>suo</strong></span> <span class='ocrx_word' id='word_1_68' title='bbox 1107 997 1224 1058; x_wconf 91' lang='lat' dir='ltr'><strong>consilio</strong></span> 
     </span>
     <span class='ocr_line' id='line_1_10' title="bbox 105 1080 1223 1160; baseline 0.001 -19"><span class='ocrx_word' id='word_1_69' title='bbox 105 1092 122 1141; x_wconf 99' lang='lat'>4</span> <span class='ocrx_word' id='word_1_70' title='bbox 141 1087 194 1143; x_wconf 88' lang='lat' dir='ltr'><strong>aut</strong></span> <span class='ocrx_word' id='word_1_71' title='bbox 208 1083 358 1142; x_wconf 85' lang='lat' dir='ltr'><strong>voluntate</strong></span> <span class='ocrx_word' id='word_1_72' title='bbox 373 1080 534 1141; x_wconf 90' lang='lat' dir='ltr'><strong>Domitium</strong></span> <span class='ocrx_word' id='word_1_73' title='bbox 548 1099 580 1141; x_wconf 92' lang='lat' dir='ltr'><strong>se</strong></span> <span class='ocrx_word' id='word_1_74' title='bbox 593 1081 624 1140; x_wconf 90' lang='lat' dir='ltr'><strong>iu</strong></span> <span class='ocrx_word' id='word_1_75' title='bbox 638 1082 778 1157; x_wconf 88' lang='lat' dir='ltr'><strong>oppidum</strong></span> <span class='ocrx_word' id='word_1_76' title='bbox 794 1081 952 1142; x_wconf 75' lang='lat' dir='ltr'><strong>Corfinium</strong></span> <span class='ocrx_word' id='word_1_77' title='bbox 969 1082 1137 1160; x_wconf 85' lang='lat' dir='ltr'><strong>contulisse;</strong></span> <span class='ocrx_word' id='word_1_78' title='bbox 1159 1101 1223 1159; x_wconf 87' lang='lat' dir='ltr'><strong>pro</strong></span> 
     </span>
     <span class='ocr_line' id='line_1_11' title="bbox 140 1164 1224 1244; baseline 0.001 -17"><span class='ocrx_word' id='word_1_79' title='bbox 140 1168 217 1244; x_wconf 90' lang='lat' dir='ltr'><strong>inde,</strong></span> <span class='ocrx_word' id='word_1_80' title='bbox 238 1169 264 1226; x_wconf 94' lang='lat' dir='ltr'><strong>si</strong></span> <span class='ocrx_word' id='word_1_81' title='bbox 286 1185 345 1242; x_wconf 90' lang='lat' dir='ltr'><strong>qua</strong></span> <span class='ocrx_word' id='word_1_82' title='bbox 365 1164 469 1226; x_wconf 83' lang='lat' dir='ltr'><strong>fuisset</strong></span> <span class='ocrx_word' id='word_1_83' title='bbox 489 1165 621 1238; x_wconf 82' lang='lat' dir='ltr'><strong>facultas,</strong></span> <span class='ocrx_word' id='word_1_84' title='bbox 642 1169 680 1227; x_wconf 90' lang='lat' dir='ltr'><strong>ad</strong></span> <span class='ocrx_word' id='word_1_85' title='bbox 701 1186 733 1228; x_wconf 93' lang='lat' dir='ltr'><strong>se</strong></span> <span class='ocrx_word' id='word_1_86' title='bbox 754 1186 820 1227; x_wconf 92' lang='lat' dir='ltr'><strong>cum</strong></span> <span class='ocrx_word' id='word_1_87' title='bbox 841 1168 976 1227; x_wconf 91' lang='lat' dir='ltr'><strong>omnibus</strong></span> <span class='ocrx_word' id='word_1_88' title='bbox 997 1168 1087 1244; x_wconf 90' lang='lat' dir='ltr'><strong>copiis</strong></span> <span class='ocrx_word' id='word_1_89' title='bbox 1104 1169 1224 1228; x_wconf 81' lang='lat' dir='ltr'><strong>veniret</strong></span> 
     </span>
     <span class='ocr_line' id='line_1_12' title="bbox 142 1251 1225 1330; baseline 0.002 -18"><span class='ocrx_word' id='word_1_90' title='bbox 142 1254 177 1312; x_wconf 92' lang='lat' dir='ltr'><strong>ld</strong></span> <span class='ocrx_word' id='word_1_91' title='bbox 191 1271 229 1312; x_wconf 95' lang='lat' dir='ltr'><strong>ne</strong></span> <span class='ocrx_word' id='word_1_92' title='bbox 241 1251 310 1311; x_wconf 86' lang='lat' dir='ltr'><strong>fieri</strong></span> <span class='ocrx_word' id='word_1_93' title='bbox 330 1256 436 1327; x_wconf 83' lang='lat' dir='ltr'><strong>posset,</strong></span> <span class='ocrx_word' id='word_1_94' title='bbox 459 1252 608 1311; x_wconf 90' lang='lat' dir='ltr'><strong>obsidione</strong></span> <span class='ocrx_word' id='word_1_95' title='bbox 621 1258 709 1329; x_wconf 83' lang='lat' dir='ltr'><strong>etque</strong></span> <span class='ocrx_word' id='word_1_96' title='bbox 730 1252 829 1330; x_wconf 88' lang='lat' dir='ltr'><strong>oppidi</strong></span> <span class='ocrx_word' id='word_1_97' title='bbox 843 1253 1112 1314; x_wconf 89' lang='lat' dir='ltr'><strong>circummunitione</strong></span> <span class='ocrx_word' id='word_1_98' title='bbox 1125 1252 1225 1314; x_wconf 80' lang='lat' dir='ltr'><strong>fiebat.</strong></span> 
     </span>
     <span class='ocr_line' id='line_1_13' title="bbox 227 1331 1224 1416; baseline -0.002 -18"><span class='ocrx_word' id='word_1_99' title='bbox 227 1331 282 1401; x_wconf 82' lang='lat'><strong>20.</strong></span> <span class='ocrx_word' id='word_1_100' title='bbox 309 1333 471 1413; x_wconf 86' lang='lat' dir='ltr'><strong>Divulgato</strong></span> <span class='ocrx_word' id='word_1_101' title='bbox 495 1337 615 1397; x_wconf 89' lang='lat' dir='ltr'><strong>Domitii</strong></span> <span class='ocrx_word' id='word_1_102' title='bbox 637 1338 754 1399; x_wconf 90' lang='lat' dir='ltr'><strong>oonsilio</strong></span> <span class='ocrx_word' id='word_1_103' title='bbox 775 1338 889 1416; x_wconf 86' lang='lat' dir='ltr'><strong>milites,</strong></span> <span class='ocrx_word' id='word_1_104' title='bbox 911 1337 961 1414; x_wconf 88' lang='lat' dir='ltr'><strong>qui</strong></span> <span class='ocrx_word' id='word_1_105' title='bbox 983 1342 1065 1398; x_wconf 87' lang='lat' dir='ltr'><strong>erant</strong></span> <span class='ocrx_word' id='word_1_106' title='bbox 1092 1336 1224 1406; x_wconf 74' lang='lat' dir='ltr'><strong>Corfinii,</strong></span> 
     </span>
    </p>

    <p class='ocr_par' dir='ltr' id='par_1_4' title="bbox 141 1421 1224 1500">
     <span class='ocr_line' id='line_1_14' title="bbox 141 1421 1224 1500; baseline -0.001 -17"><span class='ocrx_word' id='word_1_107' title='bbox 141 1426 237 1499; x_wconf 93' lang='lat' dir='ltr'><strong>primo</strong></span> <span class='ocrx_word' id='word_1_108' title='bbox 259 1441 379 1499; x_wconf 89' lang='lat' dir='ltr'><strong>vespere</strong></span> <span class='ocrx_word' id='word_1_109' title='bbox 400 1421 588 1483; x_wconf 89' lang='lat' dir='ltr'><strong>secessionem</strong></span> <span class='ocrx_word' id='word_1_110' title='bbox 609 1422 722 1484; x_wconf 83' lang='lat' dir='ltr'><strong>faciunt</strong></span> <span class='ocrx_word' id='word_1_111' title='bbox 736 1428 824 1500; x_wconf 89' lang='lat' dir='ltr'><strong>atque</strong></span> <span class='ocrx_word' id='word_1_112' title='bbox 837 1424 879 1483; x_wconf 89' lang='lat' dir='ltr'><strong>ita</strong></span> <span class='ocrx_word' id='word_1_113' title='bbox 892 1423 967 1483; x_wconf 85' lang='lat' dir='ltr'><strong>iuter</strong></span> <span class='ocrx_word' id='word_1_114' title='bbox 980 1440 1012 1482; x_wconf 93' lang='lat' dir='ltr'><strong>se</strong></span> <span class='ocrx_word' id='word_1_115' title='bbox 1026 1441 1078 1499; x_wconf 93' lang='lat' dir='ltr'><strong>per</strong></span> <span class='ocrx_word' id='word_1_116' title='bbox 1092 1424 1224 1483; x_wconf 86' lang='lat' dir='ltr'><strong>tribunos</strong></span> 
     </span>
    </p>
   </div>
   <div class='ocr_carea' id='block_1_3' title="bbox 142 1636 1227 1967">
    <p class='ocr_par' dir='ltr' id='par_1_5' title="bbox 142 1636 1227 1967">
     <span class='ocr_line' id='line_1_15' title="bbox 179 1636 1225 1707; baseline 0 -16"><span class='ocrx_word' id='word_1_117' title='bbox 179 1642 203 1692; x_wconf 82' lang='lat'><strong>2.</strong></span> <span class='ocrx_word' id='word_1_118' title='bbox 221 1655 282 1692; x_wconf 88' lang='lat' dir='ltr'><strong>cum</strong></span> <span class='ocrx_word' id='word_1_119' title='bbox 299 1638 555 1707; x_wconf 75' lang='lat' dir='ltr'><strong>paucissumsuis,</strong></span> <span class='ocrx_word' id='word_1_120' title='bbox 585 1639 611 1694; x_wconf 88' lang='lat' dir='ltr'><strong>S.</strong></span> <span class='ocrx_word' id='word_1_121' title='bbox 623 1656 659 1695; x_wconf 85' lang='lat' dir='ltr'><strong>zu</strong></span> <span class='ocrx_word' id='word_1_122' title='bbox 707 1641 885 1706; x_wconf 82' lang='lat' dir='ltr'><strong>Hdrensagen</strong></span> <span class='ocrx_word' id='word_1_123' title='bbox 922 1639 1034 1692; x_wconf 79' lang='lat' dir='ltr'><strong>elranut.</strong></span> <span class='ocrx_word' id='word_1_124' title='bbox 1066 1637 1101 1692; x_wconf 86' lang='lat' dir='ltr'><strong>So</strong></span> <span class='ocrx_word' id='word_1_125' title='bbox 1119 1636 1225 1703; x_wconf 83' lang='lat' dir='ltr'><strong>schmff,</strong></span> 
     </span>
     <span class='ocr_line' id='line_1_16' title="bbox 144 1654 922 1786; baseline -0.001 -25"><span class='ocrx_word' id='word_1_126' title='bbox 144 1711 187 1770; x_wconf 85' lang='grc'><strong>46,</strong></span> <span class='ocrx_word' id='word_1_127' title='bbox 204 1711 229 1760; x_wconf 84' lang='grc'><strong>4.</strong></span> <span class='ocrx_word' id='word_1_128' title='bbox 243 1737 274 1745; x_wconf 83' lang='grc'>-</span> <span class='ocrx_word' id='word_1_129' title='bbox 287 1706 482 1776; x_wconf 81' lang='lat' dir='ltr'><strong>consiliumque</strong></span> <span class='ocrx_word' id='word_1_130' title='bbox 498 1706 582 1780; x_wconf 69' lang='lat' dir='ltr'><strong>supas</strong></span> <span class='ocrx_word' id='word_1_131' title='bbox 599 1725 659 1764; x_wconf 89' lang='lat' dir='ltr'><strong>con·</strong></span> <span class='ocrx_word' id='word_1_132' title='bbox 711 1708 761 1762; x_wconf 86' lang='lat' dir='ltr'><strong>wie</strong></span> <span class='ocrx_word' id='word_1_133' title='bbox 778 1706 837 1761; x_wconf 86' lang='lat' dir='ltr'><strong>hier</strong></span> <span class='ocrx_word' id='word_1_134' title='bbox 859 1654 922 1786; x_wconf 57' lang='lat' dir='ltr'><strong>in}</strong></span> 
     </span>
     <span class='ocr_line' id='line_1_17' title="bbox 143 1771 1227 1847; baseline -0.003 -18"><span class='ocrx_word' id='word_1_135' title='bbox 143 1775 240 1829; x_wconf 81' lang='lat' dir='ltr'><strong>stituit.</strong></span> <span class='ocrx_word' id='word_1_136' title='bbox 282 1774 333 1829; x_wconf 86' lang='lat' dir='ltr'><strong>Die</strong></span> <span class='ocrx_word' id='word_1_137' title='bbox 355 1775 452 1830; x_wconf 88' lang='lat' dir='ltr'><strong>Worte</strong></span> <span class='ocrx_word' id='word_1_138' title='bbox 479 1794 539 1832; x_wconf 88' lang='lat' dir='ltr'><strong>oum</strong></span> <span class='ocrx_word' id='word_1_139' title='bbox 565 1778 661 1847; x_wconf 83' lang='lat' dir='ltr'><strong>paucis</strong></span> <span class='ocrx_word' id='word_1_140' title='bbox 708 1777 831 1844; x_wconf 84' lang='lat' dir='ltr'><strong>lehunng</strong></span> <span class='ocrx_word' id='word_1_141' title='bbox 853 1774 937 1829; x_wconf 89' lang='lat' dir='ltr'><strong>mcht.</strong></span> <span class='ocrx_word' id='word_1_142' title='bbox 972 1773 1054 1827; x_wconf 91' lang='lat' dir='ltr'><strong>Wohl</strong></span> <span class='ocrx_word' id='word_1_143' title='bbox 1077 1771 1144 1826; x_wconf 90' lang='lat' dir='ltr'><strong>aber</strong></span> <span class='ocrx_word' id='word_1_144' title='bbox 1165 1779 1227 1827; x_wconf 85' lang='lat' dir='ltr'><strong>ent·</strong></span> 
     </span>
     <span class='ocr_line' id='line_1_18' title="bbox 142 1841 1226 1967; baseline -0.002 -69"><span class='ocrx_word' id='word_1_145' title='bbox 142 1842 334 1967; x_wconf 52' lang='lat' dir='ltr'><strong>{similioribus</strong></span> <span class='ocrx_word' id='word_1_146' title='bbox 359 1844 417 1899; x_wconf 86' lang='lat' dir='ltr'><strong>suis</strong></span> <span class='ocrx_word' id='word_1_147' title='bbox 442 1847 562 1914; x_wconf 82' lang='lat' dir='ltr'><strong>gehbren</strong></span> <span class='ocrx_word' id='word_1_148' title='bbox 582 1846 661 1901; x_wconf 87' lang='lat' dir='ltr'><strong>nicht</strong></span> <span class='ocrx_word' id='word_1_149' title='bbox 708 1844 812 1913; x_wconf 89' lang='lat' dir='ltr'><strong>spricht</strong></span> <span class='ocrx_word' id='word_1_150' title='bbox 829 1845 845 1913; x_wconf 64' lang='grc' dir='ltr'><strong>ξ</strong></span> <span class='ocrx_word' id='word_1_151' title='bbox 862 1846 879 1897; x_wconf 88' lang='lat'>4</span> <span class='ocrx_word' id='word_1_152' title='bbox 896 1841 1040 1897; x_wconf 88' lang='lat' dir='ltr'><strong>inhaltlich</strong></span> <span class='ocrx_word' id='word_1_153' title='bbox 1058 1841 1120 1894; x_wconf 87' lang='lat' dir='ltr'><strong>dem&#39;</strong></span> <span class='ocrx_word' id='word_1_154' title='bbox 1133 1841 1226 1896; x_wconf 91' lang='lat' dir='ltr'><strong>Wort·</strong></span> 
     </span>
    </p>
   </div>
   <div class='ocr_carea' id='block_1_4' title="bbox 939 1704 1226 1773">
    <p class='ocr_par' dir='ltr' id='par_1_6' title="bbox 939 1704 1226 1773">
     <span class='ocr_line' id='line_1_19' title="bbox 939 1704 1226 1773; baseline -0.007 -13"><span class='ocrx_word' id='word_1_155' title='bbox 939 1710 969 1773; x_wconf 87' lang='grc'><strong>3,</strong></span> <span class='ocrx_word' id='word_1_156' title='bbox 992 1705 1082 1759; x_wconf 87' lang='lat' dir='ltr'><strong>leutet</strong></span> <span class='ocrx_word' id='word_1_157' title='bbox 1105 1704 1148 1758; x_wconf 91' lang='lat' dir='ltr'><strong>die</strong></span> <span class='ocrx_word' id='word_1_158' title='bbox 1166 1705 1226 1759; x_wconf 82' lang='lat' dir='ltr'><strong>Ab</strong></span> 
     </span>
    </p>
   </div>
   <div class='ocr_carea' id='block_1_5' title="bbox 143 1908 1230 3479">
    <p class='ocr_par' dir='ltr' id='par_1_7' title="bbox 143 1908 1230 3479">
     <span class='ocr_line' id='line_1_20' title="bbox 162 1908 1225 1988; baseline -0.003 -22"><span class='ocrx_word' id='word_1_159' title='bbox 162 1913 205 1967; x_wconf 87' lang='lat' dir='ltr'><strong>loll</strong></span> <span class='ocrx_word' id='word_1_160' title='bbox 217 1929 253 1966; x_wconf 84' lang='lat' dir='ltr'><strong>zu</strong></span> <span class='ocrx_word' id='word_1_161' title='bbox 264 1911 444 1981; x_wconf 78' lang='lat' dir='ltr'><strong>conloquitur,</strong></span> <span class='ocrx_word' id='word_1_162' title='bbox 462 1917 577 1970; x_wconf 88' lang='lat' dir='ltr'><strong>sondern</strong></span> <span class='ocrx_word' id='word_1_163' title='bbox 590 1914 660 1970; x_wconf 88' lang='lat' dir='ltr'><strong>auch</strong></span> <span class='ocrx_word' id='word_1_164' title='bbox 708 1914 769 1968; x_wconf 87' lang='lat' dir='ltr'><strong>laut</strong></span> <span class='ocrx_word' id='word_1_165' title='bbox 786 1913 833 1966; x_wconf 90' lang='lat' dir='ltr'><strong>des</strong></span> <span class='ocrx_word' id='word_1_166' title='bbox 850 1911 968 1966; x_wconf 87' lang='lat' dir='ltr'><strong>Briefes:</strong></span> <span class='ocrx_word' id='word_1_167' title='bbox 995 1908 1086 1988; x_wconf 78' lang='lat' dir='ltr'><strong>Quare</strong></span> <span class='ocrx_word' id='word_1_168' title='bbox 1103 1909 1141 1963; x_wconf 86' lang='lat' dir='ltr'><strong>du</strong></span> <span class='ocrx_word' id='word_1_169' title='bbox 1161 1925 1225 1987; x_wconf 31' lang='lat' dir='ltr'><strong>&#39;ope-</strong></span> 
     </span>
     <span class='ocr_line' id='line_1_21' title="bbox 143 1979 1225 2052; baseline -0.003 -18"><span class='ocrx_word' id='word_1_170' title='bbox 143 1998 178 2035; x_wconf 85' lang='lat' dir='ltr'><strong>un</strong></span> <span class='ocrx_word' id='word_1_171' title='bbox 196 1980 337 2035; x_wconf 83' lang='lat' dir='ltr'><strong>constituit</strong></span> <span class='ocrx_word' id='word_1_172' title='bbox 357 1997 404 2048; x_wconf 87' lang='lat' dir='ltr'><strong>„er</strong></span> <span class='ocrx_word' id='word_1_173' title='bbox 427 1982 516 2052; x_wconf 86' lang='lat' dir='ltr'><strong>einigt</strong></span> <span class='ocrx_word' id='word_1_174' title='bbox 534 1983 590 2038; x_wconf 92' lang='lat' dir='ltr'><strong>sich</strong></span> <span class='ocrx_word' id='word_1_175' title='bbox 608 1983 660 2038; x_wconf 86' lang='lat' dir='ltr'><strong>mit</strong></span> <span class='ocrx_word' id='word_1_176' title='bbox 709 1998 784 2048; x_wconf 88' lang='lat' dir='ltr'><strong>rum,</strong></span> <span class='ocrx_word' id='word_1_177' title='bbox 813 1979 843 2036; x_wconf 89' lang='lat' dir='ltr'><strong>si</strong></span> <span class='ocrx_word' id='word_1_178' title='bbox 865 1979 940 2034; x_wconf 84' lang='lat' dir='ltr'><strong>uilo</strong></span> <span class='ocrx_word' id='word_1_179' title='bbox 963 1981 1098 2033; x_wconf 83' lang='lat' dir='ltr'><strong>ratione</strong></span> <span class='ocrx_word' id='word_1_180' title='bbox 1121 1980 1225 2032; x_wconf 80' lang='lat' dir='ltr'><strong>eiiam</strong></span> 
     </span>
     <span class='ocr_line' id='line_1_22' title="bbox 143 2048 1226 2120; baseline -0.005 -17"><span class='ocrx_word' id='word_1_181' title='bbox 143 2049 303 2103; x_wconf 85' lang='lat' dir='ltr'><strong>ihuenliber</strong></span> <span class='ocrx_word' id='word_1_182' title='bbox 314 2049 575 2120; x_wconf 82' lang='lat' dir='ltr'><strong>eiuenFluchtplan,</strong></span> <span class='ocrx_word' id='word_1_183' title='bbox 586 2058 661 2107; x_wconf 81' lang='lat' dir='ltr'><strong>seint</strong></span> <span class='ocrx_word' id='word_1_184' title='bbox 709 2066 799 2105; x_wconf 88' lang='lat' dir='ltr'><strong>nune</strong></span> <span class='ocrx_word' id='word_1_185' title='bbox 815 2048 960 2116; x_wconf 72' lang='lat' dir='ltr'><strong>efficere</strong></span> <span class='ocrx_word' id='word_1_186' title='bbox 970 2049 1078 2116; x_wconf 82' lang='lat' dir='ltr'><strong>potes,</strong></span> <span class='ocrx_word' id='word_1_187' title='bbox 1096 2048 1129 2099; x_wconf 90' lang='lat' dir='ltr'><strong>ut</strong></span> <span class='ocrx_word' id='word_1_188' title='bbox 1145 2049 1170 2099; x_wconf 84' lang='lat' dir='ltr'><strong>tc</strong></span> <span class='ocrx_word' id='word_1_189' title='bbox 1181 2063 1226 2099; x_wconf 74' lang='lat' dir='ltr'><strong>erc-</strong></span> 
     </span>
     <span class='ocr_line' id='line_1_23' title="bbox 144 2113 1226 2251; baseline -0.002 -13"><span class='ocrx_word' id='word_1_190' title='bbox 144 2117 660 2242; x_wconf 63' lang='lat' dir='ltr'><strong>stititsstsruttltllliss</strong></span> <span class='ocrx_word' id='word_1_191' title='bbox 710 2113 1226 2251; x_wconf 50' lang='lat' dir='ltr'><strong>&#39;&#39;lifflruiiiii‘ibiimff&#39;iaiiliil</strong></span> 
     </span>
     <span class='ocr_line' id='line_1_24' title="bbox 144 2203 1225 2318; baseline -0.002 -12"><span class='ocrx_word' id='word_1_192' title='bbox 144 2251 312 2317; x_wconf 85' lang='lat' dir='ltr'><strong>ubieadics,</strong></span> <span class='ocrx_word' id='word_1_193' title='bbox 325 2268 421 2318; x_wconf 80' lang='lat' dir='ltr'><strong>quom</strong></span> <span class='ocrx_word' id='word_1_194' title='bbox 437 2203 662 2309; x_wconf 40' lang='lat' dir='ltr'><strong>constituerint</strong></span> <span class='ocrx_word' id='word_1_195' title='bbox 711 2254 770 2307; x_wconf 82' lang='lat' dir='ltr'><strong>latu</strong></span> <span class='ocrx_word' id='word_1_196' title='bbox 788 2253 861 2305; x_wconf 85' lang='lat' dir='ltr'><strong>esset.</strong></span> <span class='ocrx_word' id='word_1_197' title='bbox 891 2250 946 2305; x_wconf 91' lang='lat' dir='ltr'><strong>Die</strong></span> <span class='ocrx_word' id='word_1_198' title='bbox 963 2224 1225 2318; x_wconf 61' lang='lat' dir='ltr'><strong>Celegenheit&#39;mufl</strong></span> 
     </span>
     <span class='ocr_line' id='line_1_25' title="bbox 145 2318 1225 2400; baseline -0.002 -26"><span class='ocrx_word' id='word_1_199' title='bbox 145 2319 661 2388; x_wconf 70' lang='lat' dir='ltr'><strong>cumlepatismenitwieconsilium</strong></span> <span class='ocrx_word' id='word_1_200' title='bbox 711 2321 746 2374; x_wconf 89' lang='lat' dir='ltr'><strong>de</strong></span> <span class='ocrx_word' id='word_1_201' title='bbox 764 2319 837 2379; x_wconf 87' lang='lat' dir='ltr'><strong>sein,</strong></span> <span class='ocrx_word' id='word_1_202' title='bbox 861 2318 943 2372; x_wconf 84' lang='lat' dir='ltr'><strong>bever</strong></span> <span class='ocrx_word' id='word_1_203' title='bbox 960 2318 999 2372; x_wconf 88' lang='lat' dir='ltr'><strong>sie</strong></span> <span class='ocrx_word' id='word_1_204' title='bbox 1017 2318 1133 2372; x_wconf 78' lang='lat' dir='ltr'><strong>benumt</strong></span> <span class='ocrx_word' id='word_1_205' title='bbox 1149 2319 1225 2400; x_wconf 68' lang='lat' dir='ltr'><strong>wird,</strong></span> 
     </span>
     <span class='ocr_line' id='line_1_26' title="bbox 144 2387 1227 2468; baseline -0.003 -25"><span class='ocrx_word' id='word_1_206' title='bbox 144 2388 217 2443; x_wconf 86' lang='lat' dir='ltr'><strong>inire</strong></span> <span class='ocrx_word' id='word_1_207' title='bbox 234 2388 307 2453; x_wconf 85' lang='lat' dir='ltr'><strong>(oder</strong></span> <span class='ocrx_word' id='word_1_208' title='bbox 325 2399 427 2466; x_wconf 75' lang='lat' dir='ltr'><strong>cuperet</strong></span> <span class='ocrx_word' id='word_1_209' title='bbox 440 2389 575 2445; x_wconf 85' lang='lat' dir='ltr'><strong>bedeuten</strong></span> <span class='ocrx_word' id='word_1_210' title='bbox 586 2391 661 2445; x_wconf 87' lang='lat' dir='ltr'><strong>kann</strong></span> <span class='ocrx_word' id='word_1_211' title='bbox 711 2390 776 2443; x_wconf 87' lang='lat' dir='ltr'><strong>aber</strong></span> <span class='ocrx_word' id='word_1_212' title='bbox 799 2387 838 2442; x_wconf 87' lang='lat' dir='ltr'><strong>sie</strong></span> <span class='ocrx_word' id='word_1_213' title='bbox 860 2387 925 2468; x_wconf 74' lang='lat' dir='ltr'><strong>dart</strong></span> <span class='ocrx_word' id='word_1_214' title='bbox 944 2387 1012 2441; x_wconf 89' lang='lat' dir='ltr'><strong>noch</strong></span> <span class='ocrx_word' id='word_1_215' title='bbox 1035 2387 1117 2467; x_wconf 41' lang='lat' dir='ltr'><strong>nicht·</strong></span> <span class='ocrx_word' id='word_1_216' title='bbox 1133 2387 1227 2442; x_wconf 88' lang='lat' dir='ltr'><strong>vorber</strong></span> 
     </span>
     <span class='ocr_line' id='line_1_27' title="bbox 144 2455 1227 2589; baseline -0.004 -9"><span class='ocrx_word' id='word_1_217' title='bbox 144 2456 325 2589; x_wconf 65' lang='lat' dir='ltr'><strong>iistis</strong></span> <span class='ocrx_word' id='word_1_218' title='bbox 341 2456 662 2581; x_wconf 57' lang='lat' dir='ltr'><strong>lindisiensi</strong></span> <span class='ocrx_word' id='word_1_219' title='bbox 712 2457 940 2588; x_wconf 57' lang='lat' dir='ltr'><strong>tristius</strong></span> <span class='ocrx_word' id='word_1_220' title='bbox 948 2455 1227 2578; x_wconf 67' lang='lat' dir='ltr'><strong>lisinnias</strong></span> 
     </span>
     <span class='ocr_line' id='line_1_28' title="bbox 146 2591 1227 2660; baseline -0.001 -14"><span class='ocrx_word' id='word_1_221' title='bbox 146 2593 207 2660; x_wconf 85' lang='lat' dir='ltr'><strong>„die</strong></span> <span class='ocrx_word' id='word_1_222' title='bbox 218 2591 405 2657; x_wconf 76' lang='lat' dir='ltr'><strong>Ausfdhrung</strong></span> <span class='ocrx_word' id='word_1_223' title='bbox 422 2592 495 2648; x_wconf 93' lang='lat' dir='ltr'><strong>eines</strong></span> <span class='ocrx_word' id='word_1_224' title='bbox 507 2594 607 2649; x_wconf 88' lang='lat' dir='ltr'><strong>Planes</strong></span> <span class='ocrx_word' id='word_1_225' title='bbox 623 2595 661 2649; x_wconf 90' lang='lat' dir='ltr'><strong>im</strong></span> <span class='ocrx_word' id='word_1_226' title='bbox 710 2594 753 2649; x_wconf 88' lang='lat' dir='ltr'><strong>nis</strong></span> <span class='ocrx_word' id='word_1_227' title='bbox 771 2591 864 2647; x_wconf 85' lang='lat' dir='ltr'><strong>scharf</strong></span> <span class='ocrx_word' id='word_1_228' title='bbox 879 2607 915 2646; x_wconf 83' lang='lat' dir='ltr'><strong>uu</strong></span> <span class='ocrx_word' id='word_1_229' title='bbox 930 2591 1099 2659; x_wconf 81' lang='lat' dir='ltr'><strong>bezeichnen,</strong></span> <span class='ocrx_word' id='word_1_230' title='bbox 1118 2596 1227 2645; x_wconf 69' lang='lat' dir='ltr'><strong>versin-</strong></span> 
     </span>
     <span class='ocr_line' id='line_1_29' title="bbox 145 2658 1227 2731; baseline -0.003 -15"><span class='ocrx_word' id='word_1_231' title='bbox 145 2661 287 2716; x_wconf 85' lang='lat' dir='ltr'><strong>einzelnen</strong></span> <span class='ocrx_word' id='word_1_232' title='bbox 313 2659 499 2728; x_wconf 85' lang='lat' dir='ltr'><strong>feststellen“;</strong></span> <span class='ocrx_word' id='word_1_233' title='bbox 526 2663 582 2731; x_wconf 84' lang='lat' dir='ltr'><strong>vgl.</strong></span> <span class='ocrx_word' id='word_1_234' title='bbox 606 2663 660 2717; x_wconf 86' lang='lat' dir='ltr'><strong>Cic.</strong></span> <span class='ocrx_word' id='word_1_235' title='bbox 712 2676 773 2715; x_wconf 89' lang='lat' dir='ltr'><strong>men</strong></span> <span class='ocrx_word' id='word_1_236' title='bbox 796 2660 839 2715; x_wconf 94' lang='lat' dir='ltr'><strong>die</strong></span> <span class='ocrx_word' id='word_1_237' title='bbox 855 2660 956 2715; x_wconf 78' lang='lat' dir='ltr'><strong>somer</strong></span> <span class='ocrx_word' id='word_1_238' title='bbox 977 2660 1054 2715; x_wconf 90' lang='lat' dir='ltr'><strong>nicht</strong></span> <span class='ocrx_word' id='word_1_239' title='bbox 1078 2660 1166 2714; x_wconf 84' lang='lat' dir='ltr'><strong>selten</strong></span> <span class='ocrx_word' id='word_1_240' title='bbox 1183 2658 1227 2713; x_wconf 92' lang='lat' dir='ltr'><strong>die</strong></span> 
     </span>
     <span class='ocr_line' id='line_1_30' title="bbox 145 2728 1229 2799; baseline -0.004 -13"><span class='ocrx_word' id='word_1_241' title='bbox 145 2731 223 2786; x_wconf 87' lang='lat' dir='ltr'><strong>Verr.</strong></span> <span class='ocrx_word' id='word_1_242' title='bbox 245 2745 270 2783; x_wconf 90' lang='lat' dir='ltr'><strong>a.</strong></span> <span class='ocrx_word' id='word_1_243' title='bbox 293 2745 333 2797; x_wconf 89' lang='lat' dir='ltr'><strong>pr.</strong></span> <span class='ocrx_word' id='word_1_244' title='bbox 358 2732 390 2783; x_wconf 76' lang='grc'><strong>26</strong></span> <span class='ocrx_word' id='word_1_245' title='bbox 413 2730 518 2798; x_wconf 78' lang='lat' dir='ltr'><strong>reperio</strong></span> <span class='ocrx_word' id='word_1_246' title='bbox 543 2771 576 2785; x_wconf 88' lang='lat'><strong>..</strong></span> <span class='ocrx_word' id='word_1_247' title='bbox 598 2731 662 2786; x_wconf 86' lang='lat' dir='ltr'><strong>boec</strong></span> <span class='ocrx_word' id='word_1_248' title='bbox 711 2728 1075 2799; x_wconf 82' lang='lat' dir='ltr'><strong>geniigendeBeueichnuug</strong></span> <span class='ocrx_word' id='word_1_249' title='bbox 1090 2729 1229 2783; x_wconf 82' lang='lat' dir='ltr'><strong>desnwei·</strong></span> 
     </span>
     <span class='ocr_line' id='line_1_31' title="bbox 144 2796 1229 2864; baseline -0.003 -11"><span class='ocrx_word' id='word_1_250' title='bbox 144 2798 252 2853; x_wconf 85' lang='lat' dir='ltr'><strong>abistis</strong></span> <span class='ocrx_word' id='word_1_251' title='bbox 262 2796 662 2864; x_wconf 81' lang='lat' dir='ltr'><strong>musiliaiuituetconstitutu,</strong></span> <span class='ocrx_word' id='word_1_252' title='bbox 712 2803 768 2853; x_wconf 87' lang='lat' dir='ltr'><strong>teu.</strong></span> <span class='ocrx_word' id='word_1_253' title='bbox 799 2797 856 2852; x_wconf 80' lang='lat' dir='ltr'><strong>cic.</strong></span> <span class='ocrx_word' id='word_1_254' title='bbox 874 2797 908 2851; x_wconf 89' lang='lat' dir='ltr'><strong>ad</strong></span> <span class='ocrx_word' id='word_1_255' title='bbox 926 2797 991 2852; x_wconf 85' lang='lat' dir='ltr'><strong>fam.</strong></span> <span class='ocrx_word' id='word_1_256' title='bbox 1005 2801 1045 2860; x_wconf 76' lang='lat'><strong>12,</strong></span> <span class='ocrx_word' id='word_1_257' title='bbox 1061 2800 1100 2862; x_wconf 85' lang='lat'><strong>19,</strong></span> <span class='ocrx_word' id='word_1_258' title='bbox 1112 2801 1141 2851; x_wconf 77' lang='lat'><strong>3:</strong></span> <span class='ocrx_word' id='word_1_259' title='bbox 1159 2796 1229 2850; x_wconf 83' lang='lat' dir='ltr'><strong>milri</strong></span> 
     </span>
     <span class='ocr_line' id='line_1_32' title="bbox 145 2864 1227 2937; baseline -0.003 -16"><span class='ocrx_word' id='word_1_260' title='bbox 145 2870 183 2921; x_wconf 89' lang='lat' dir='ltr'><strong>ut.</strong></span> <span class='ocrx_word' id='word_1_261' title='bbox 204 2898 235 2906; x_wconf 92' lang='lat'><em>-</em></span> <span class='ocrx_word' id='word_1_262' title='bbox 258 2869 410 2921; x_wconf 79' lang='lat' dir='ltr'><strong>mnsuessct</strong></span> <span class='ocrx_word' id='word_1_263' title='bbox 455 2868 511 2923; x_wconf 89' lang='lat' dir='ltr'><strong>Der</strong></span> <span class='ocrx_word' id='word_1_264' title='bbox 532 2874 662 2937; x_wconf 84' lang='lat' dir='ltr'><strong>unterge·</strong></span> <span class='ocrx_word' id='word_1_265' title='bbox 713 2865 915 2936; x_wconf 75' lang='lat' dir='ltr'><strong>quidcumque</strong></span> <span class='ocrx_word' id='word_1_266' title='bbox 927 2881 1007 2920; x_wconf 84' lang='lat' dir='ltr'><strong>curae</strong></span> <span class='ocrx_word' id='word_1_267' title='bbox 1016 2864 1144 2933; x_wconf 80' lang='lat' dir='ltr'><strong>eriipuid</strong></span> <span class='ocrx_word' id='word_1_268' title='bbox 1153 2879 1227 2934; x_wconf 76' lang='lat' dir='ltr'><strong>apes,</strong></span> 
     </span>
     <span class='ocr_line' id='line_1_33' title="bbox 145 2933 1228 3005; baseline -0.002 -17"><span class='ocrx_word' id='word_1_269' title='bbox 145 2935 257 2990; x_wconf 89' lang='lat' dir='ltr'><strong>orduete</strong></span> <span class='ocrx_word' id='word_1_270' title='bbox 275 2934 340 2990; x_wconf 81' lang='lat' dir='ltr'><strong>Sata</strong></span> <span class='ocrx_word' id='word_1_271' title='bbox 358 2933 475 2990; x_wconf 82' lang='lat' dir='ltr'><strong>schliellt</strong></span> <span class='ocrx_word' id='word_1_272' title='bbox 490 2937 548 2991; x_wconf 89' lang='lat' dir='ltr'><strong>sich</strong></span> <span class='ocrx_word' id='word_1_273' title='bbox 560 2953 615 3005; x_wconf 77' lang='lat' dir='ltr'><strong>eng</strong></span> <span class='ocrx_word' id='word_1_274' title='bbox 627 2953 663 2991; x_wconf 86' lang='lat' dir='ltr'><strong>an</strong></span> <span class='ocrx_word' id='word_1_275' title='bbox 713 2935 779 2988; x_wconf 88' lang='lat' dir='ltr'><strong>dum</strong></span> <span class='ocrx_word' id='word_1_276' title='bbox 797 2933 966 3002; x_wconf 75' lang='lat' dir='ltr'><strong>quidsuis</strong></span> <span class='ocrx_word' id='word_1_277' title='bbox 983 2933 1074 2989; x_wconf 84' lang='lat' dir='ltr'><strong>sciero.</strong></span> <span class='ocrx_word' id='word_1_278' title='bbox 1109 2933 1174 3002; x_wconf 85' lang='lat' dir='ltr'><strong>Vgl.</strong></span> <span class='ocrx_word' id='word_1_279' title='bbox 1192 2947 1228 2986; x_wconf 81' lang='lat' dir='ltr'><strong>au</strong></span> 
     </span>
     <span class='ocr_line' id='line_1_34' title="bbox 146 2951 1229 3081; baseline -0.003 -24"><span class='ocrx_word' id='word_1_280' title='bbox 146 3004 239 3057; x_wconf 90' lang='lat' dir='ltr'><strong>seinen</strong></span> <span class='ocrx_word' id='word_1_281' title='bbox 251 3003 313 3058; x_wconf 87' lang='lat' dir='ltr'><strong>Hau</strong></span> <span class='ocrx_word' id='word_1_282' title='bbox 333 3009 407 3058; x_wconf 81' lang='lat' dir='ltr'><strong>testa</strong></span> <span class='ocrx_word' id='word_1_283' title='bbox 426 3004 481 3057; x_wconf 88' lang='lat' dir='ltr'><strong>und</strong></span> <span class='ocrx_word' id='word_1_284' title='bbox 498 3005 598 3060; x_wconf 81' lang='lat' dir='ltr'><strong>nimmi</strong></span> <span class='ocrx_word' id='word_1_285' title='bbox 614 3005 661 3059; x_wconf 90' lang='lat' dir='ltr'><strong>da·</strong></span> <span class='ocrx_word' id='word_1_286' title='bbox 712 3008 787 3069; x_wconf 64' lang='lat' dir='ltr'><strong>oso,</strong></span> <span class='ocrx_word' id='word_1_287' title='bbox 800 3007 823 3057; x_wconf 92' lang='lat'><strong>1.</strong></span> <span class='ocrx_word' id='word_1_288' title='bbox 836 2951 1017 3081; x_wconf 55' lang='lat' dir='ltr'><strong>—ogsidione</strong></span> <span class='ocrx_word' id='word_1_289' title='bbox 1034 3005 1114 3070; x_wconf 80' lang='lat' dir='ltr'><strong>atque</strong></span> <span class='ocrx_word' id='word_1_290' title='bbox 1131 2999 1229 3071; x_wconf 79' lang='lat' dir='ltr'><strong>oppidi</strong></span> 
     </span>
     <span class='ocr_line' id='line_1_35' title="bbox 147 3068 1228 3142; baseline -0.002 -18"><span class='ocrx_word' id='word_1_291' title='bbox 147 3070 196 3125; x_wconf 91' lang='lat' dir='ltr'><strong>her</strong></span> <span class='ocrx_word' id='word_1_292' title='bbox 214 3070 310 3126; x_wconf 82' lang='lat' dir='ltr'><strong>ebenfa</strong></span> <span class='ocrx_word' id='word_1_293' title='bbox 362 3072 414 3126; x_wconf 90' lang='lat' dir='ltr'><strong>den</strong></span> <span class='ocrx_word' id='word_1_294' title='bbox 433 3071 598 3142; x_wconf 84' lang='lat' dir='ltr'><strong>Conjunctir</strong></span> <span class='ocrx_word' id='word_1_295' title='bbox 612 3089 661 3127; x_wconf 87' lang='lat' dir='ltr'><strong>an:</strong></span> <span class='ocrx_word' id='word_1_296' title='bbox 713 3070 965 3126; x_wconf 74' lang='lat' dir='ltr'><strong>circummunitione</strong></span> <span class='ocrx_word' id='word_1_297' title='bbox 983 3096 1014 3114; x_wconf 87' lang='lat'><strong>==</strong></span> <span class='ocrx_word' id='word_1_298' title='bbox 1033 3087 1075 3136; x_wconf 89' lang='lat' dir='ltr'><strong>co,</strong></span> <span class='ocrx_word' id='word_1_299' title='bbox 1094 3069 1166 3138; x_wconf 73' lang='lat' dir='ltr'><strong>quod</strong></span> <span class='ocrx_word' id='word_1_300' title='bbox 1183 3068 1228 3124; x_wconf 89' lang='lat' dir='ltr'><strong>ob·</strong></span> 
     </span>
     <span class='ocr_line' id='line_1_36' title="bbox 148 3137 1229 3210; baseline -0.002 -18"><span class='ocrx_word' id='word_1_301' title='bbox 148 3137 205 3193; x_wconf 85' lang='lat' dir='ltr'><strong>Cic.</strong></span> <span class='ocrx_word' id='word_1_302' title='bbox 224 3139 306 3193; x_wconf 85' lang='lat' dir='ltr'><strong>Acad.</strong></span> <span class='ocrx_word' id='word_1_303' title='bbox 325 3142 349 3205; x_wconf 82' lang='lat'><strong>2,</strong></span> <span class='ocrx_word' id='word_1_304' title='bbox 363 3143 391 3192; x_wconf 90' lang='lat'><strong>3:</strong></span> <span class='ocrx_word' id='word_1_305' title='bbox 418 3156 479 3193; x_wconf 90' lang='lat' dir='ltr'><strong>cum</strong></span> <span class='ocrx_word' id='word_1_306' title='bbox 502 3157 531 3194; x_wconf 88' lang='lat' dir='ltr'><strong>co</strong></span> <span class='ocrx_word' id='word_1_307' title='bbox 550 3157 662 3210; x_wconf 84' lang='lat' dir='ltr'><strong>...po-</strong></span> <span class='ocrx_word' id='word_1_308' title='bbox 712 3139 854 3195; x_wconf 84' lang='lat' dir='ltr'><strong>sidebatur</strong></span> <span class='ocrx_word' id='word_1_309' title='bbox 870 3143 951 3208; x_wconf 81' lang='lat' dir='ltr'><strong>atque</strong></span> <span class='ocrx_word' id='word_1_310' title='bbox 968 3137 1101 3207; x_wconf 84' lang='lat' dir='ltr'><strong>oppidum</strong></span> <span class='ocrx_word' id='word_1_311' title='bbox 1116 3138 1229 3192; x_wconf 88' lang='lat' dir='ltr'><strong>circum·</strong></span> 
     </span>
     <span class='ocr_line' id='line_1_37' title="bbox 146 3205 1230 3277; baseline 0 -17"><span class='ocrx_word' id='word_1_312' title='bbox 146 3206 244 3261; x_wconf 75' lang='lat' dir='ltr'><strong>stridis</strong></span> <span class='ocrx_word' id='word_1_313' title='bbox 270 3205 443 3272; x_wconf 88' lang='lat' dir='ltr'><strong>venissemus,</strong></span> <span class='ocrx_word' id='word_1_314' title='bbox 473 3224 558 3276; x_wconf 81' lang='lat' dir='ltr'><strong>quum</strong></span> <span class='ocrx_word' id='word_1_315' title='bbox 587 3209 663 3277; x_wconf 79' lang='lat' dir='ltr'><strong>apud</strong></span> <span class='ocrx_word' id='word_1_316' title='bbox 714 3208 851 3264; x_wconf 89' lang='lat' dir='ltr'><strong>munitum</strong></span> <span class='ocrx_word' id='word_1_317' title='bbox 863 3210 929 3261; x_wconf 86' lang='lat' dir='ltr'><strong>crat.</strong></span> <span class='ocrx_word' id='word_1_318' title='bbox 959 3206 1003 3259; x_wconf 90' lang='lat' dir='ltr'><strong>Da</strong></span> <span class='ocrx_word' id='word_1_319' title='bbox 1015 3222 1077 3259; x_wconf 88' lang='lat' dir='ltr'><strong>man</strong></span> <span class='ocrx_word' id='word_1_320' title='bbox 1089 3205 1166 3260; x_wconf 83' lang='lat' dir='ltr'><strong>nicht</strong></span> <span class='ocrx_word' id='word_1_321' title='bbox 1177 3221 1230 3260; x_wconf 87' lang='lat' dir='ltr'><strong>nur</strong></span> 
     </span>
     <span class='ocr_line' id='line_1_38' title="bbox 149 3272 1230 3351; baseline 0 -23"><span class='ocrx_word' id='word_1_322' title='bbox 149 3274 279 3329; x_wconf 85' lang='lat' dir='ltr'><strong>Catulum</strong></span> <span class='ocrx_word' id='word_1_323' title='bbox 307 3274 463 3342; x_wconf 79' lang='lat' dir='ltr'><strong>fuissemus.</strong></span> <span class='ocrx_word' id='word_1_324' title='bbox 509 3276 662 3342; x_wconf 85' lang='lat' dir='ltr'><strong>(Attractio</strong></span> <span class='ocrx_word' id='word_1_325' title='bbox 713 3285 792 3346; x_wconf 82' lang='lat' dir='ltr'><strong>sagte</strong></span> <span class='ocrx_word' id='word_1_326' title='bbox 811 3274 931 3330; x_wconf 84' lang='lat' dir='ltr'><strong>obsidere</strong></span> <span class='ocrx_word' id='word_1_327' title='bbox 948 3272 1080 3351; x_wconf 80' lang='lat' dir='ltr'><strong>oppidum</strong></span> <span class='ocrx_word' id='word_1_328' title='bbox 1115 3274 1230 3328; x_wconf 89' lang='lat' dir='ltr'><strong>sondern</strong></span> 
     </span>
     <span class='ocr_line' id='line_1_39' title="bbox 147 3340 1229 3410; baseline 0 -13"><span class='ocrx_word' id='word_1_329' title='bbox 147 3343 237 3410; x_wconf 86' lang='lat' dir='ltr'><strong>modi).</strong></span> <span class='ocrx_word' id='word_1_330' title='bbox 267 3343 471 3399; x_wconf 82' lang='lat' dir='ltr'><strong>Gewbhnlicher</strong></span> <span class='ocrx_word' id='word_1_331' title='bbox 489 3343 526 3399; x_wconf 87' lang='lat' dir='ltr'><strong>ist</strong></span> <span class='ocrx_word' id='word_1_332' title='bbox 538 3344 604 3400; x_wconf 86' lang='lat' dir='ltr'><strong>aber</strong></span> <span class='ocrx_word' id='word_1_333' title='bbox 615 3346 662 3400; x_wconf 89' lang='lat' dir='ltr'><strong>der</strong></span> <span class='ocrx_word' id='word_1_334' title='bbox 713 3345 775 3400; x_wconf 85' lang='lat' dir='ltr'><strong>sehr</strong></span> <span class='ocrx_word' id='word_1_335' title='bbox 792 3343 835 3399; x_wconf 84' lang='lat' dir='ltr'><strong>oft</strong></span> <span class='ocrx_word' id='word_1_336' title='bbox 850 3340 1054 3397; x_wconf 80' lang='lat' dir='ltr'><strong>cuchobssdere</strong></span> <span class='ocrx_word' id='word_1_337' title='bbox 1090 3355 1141 3409; x_wconf 51' lang='lat' dir='ltr'><strong>,qm</strong></span> <span class='ocrx_word' id='word_1_338' title='bbox 1153 3344 1187 3404; x_wconf 84' lang='lat' dir='ltr'><strong>(a.</strong></span> <span class='ocrx_word' id='word_1_339' title='bbox 1197 3341 1229 3397; x_wconf 90' lang='lat' dir='ltr'><strong>B.</strong></span> 
     </span>
     <span class='ocr_line' id='line_1_40' title="bbox 147 3407 1230 3479; baseline -0.003 -13"><span class='ocrx_word' id='word_1_340' title='bbox 147 3412 293 3468; x_wconf 88' lang='lat' dir='ltr'><strong>Indicativ.</strong></span> <span class='ocrx_word' id='word_1_341' title='bbox 713 3430 736 3467; x_wconf 85' lang='lat' dir='ltr'><strong>c.</strong></span> <span class='ocrx_word' id='word_1_342' title='bbox 754 3417 796 3479; x_wconf 82' lang='lat'><strong>20,</strong></span> <span class='ocrx_word' id='word_1_343' title='bbox 813 3415 853 3478; x_wconf 79' lang='grc'><strong>2),</strong></span> <span class='ocrx_word' id='word_1_344' title='bbox 878 3425 907 3464; x_wconf 91' lang='lat' dir='ltr'><strong>so</strong></span> <span class='ocrx_word' id='word_1_345' title='bbox 931 3408 969 3463; x_wconf 89' lang='lat' dir='ltr'><strong>ist</strong></span> <span class='ocrx_word' id='word_1_346' title='bbox 985 3424 1021 3462; x_wconf 84' lang='lat' dir='ltr'><strong>zu</strong></span> <span class='ocrx_word' id='word_1_347' title='bbox 1039 3407 1177 3462; x_wconf 84' lang='lat' dir='ltr'><strong>obsidione</strong></span> <span class='ocrx_word' id='word_1_348' title='bbox 1194 3425 1230 3464; x_wconf 84' lang='lat' dir='ltr'><strong>nu</strong></span> 
     </span>
    </p>
   </div>
   <div class='ocr_carea' id='block_1_6' title="bbox 147 3475 1232 3636">
    <p class='ocr_par' dir='ltr' id='par_1_8' title="bbox 147 3475 1232 3636">
     <span class='ocr_line' id='line_1_41' title="bbox 182 3475 1231 3568; baseline -0.015 -22"><span class='ocrx_word' id='word_1_349' title='bbox 182 3503 205 3551; x_wconf 84' lang='lat'><strong>3.</strong></span> <span class='ocrx_word' id='word_1_350' title='bbox 224 3496 372 3566; x_wconf 60' lang='lat' dir='ltr'><strong>Pompeius</strong></span> <span class='ocrx_word' id='word_1_351' title='bbox 394 3497 466 3552; x_wconf 66' lang='lat' dir='ltr'><strong>mim</strong></span> <span class='ocrx_word' id='word_1_352' title='bbox 480 3498 662 3568; x_wconf 53' lang='lat' dir='ltr'><strong>remman,</strong></span> <span class='ocrx_word' id='word_1_353' title='bbox 713 3486 849 3549; x_wconf 76' lang='lat' dir='ltr'><strong>ergbuzen</strong></span> <span class='ocrx_word' id='word_1_354' title='bbox 874 3477 944 3544; x_wconf 77' lang='lat' dir='ltr'><strong>eius3</strong></span> <span class='ocrx_word' id='word_1_355' title='bbox 959 3477 1029 3558; x_wconf 55' lang='lat' dir='ltr'><strong>filu?</strong></span> <span class='ocrx_word' id='word_1_356' title='bbox 1053 3475 1231 3558; x_wconf 74' lang='lat' dir='ltr'><strong>Umstellnng</strong></span> 
     </span>
     <span class='ocr_line' id='line_1_42' title="bbox 147 3544 1232 3636; baseline -0.009 -18"><span class='ocrx_word' id='word_1_357' title='bbox 147 3564 241 3619; x_wconf 90' lang='lat' dir='ltr'><strong>Dieses</strong></span> <span class='ocrx_word' id='word_1_358' title='bbox 269 3564 412 3620; x_wconf 84' lang='lat' dir='ltr'><strong>Schreibeu</strong></span> <span class='ocrx_word' id='word_1_359' title='bbox 441 3568 487 3621; x_wconf 89' lang='lat' dir='ltr'><strong>des</strong></span> <span class='ocrx_word' id='word_1_360' title='bbox 516 3566 663 3636; x_wconf 91' lang='lat' dir='ltr'><strong>Pompeius</strong></span> <span class='ocrx_word' id='word_1_361' title='bbox 714 3548 882 3602; x_wconf 64' lang='lat' dir='ltr'><strong>⁶⁰⁵W⁰¹i0⁸</strong></span> <span class='ocrx_word' id='word_1_362' title='bbox 899 3544 996 3614; x_wconf 62' lang='lat' dir='ltr'><strong>Oppidi</strong></span> <span class='ocrx_word' id='word_1_363' title='bbox 1011 3545 1232 3600; x_wconf 63' lang='lat' dir='ltr'><strong>lflidflhfflmcht</strong></span> 
     </span>
    </p>
   </div>
   <div class='ocr_carea' id='block_1_7' title="bbox 147 3613 1259 3975">
    <p class='ocr_par' dir='ltr' id='par_1_9' title="bbox 147 3613 1259 3975">
     <span class='ocr_line' id='line_1_43' title="bbox 147 3613 1229 3701; baseline -0.006 -14"><span class='ocrx_word' id='word_1_364' title='bbox 147 3632 255 3696; x_wconf 80' lang='lat' dir='ltr'><strong>(ebenso</strong></span> <span class='ocrx_word' id='word_1_365' title='bbox 272 3635 324 3688; x_wconf 86' lang='lat' dir='ltr'><strong>wie</strong></span> <span class='ocrx_word' id='word_1_366' title='bbox 346 3633 414 3688; x_wconf 83' lang='lat' dir='ltr'><strong>awei</strong></span> <span class='ocrx_word' id='word_1_367' title='bbox 432 3637 540 3701; x_wconf 83' lang='lat' dir='ltr'><strong>andere)</strong></span> <span class='ocrx_word' id='word_1_368' title='bbox 557 3652 593 3689; x_wconf 87' lang='lat' dir='ltr'><strong>au</strong></span> <span class='ocrx_word' id='word_1_369' title='bbox 610 3636 663 3690; x_wconf 93' lang='lat' dir='ltr'><strong>Do·</strong></span> <span class='ocrx_word' id='word_1_370' title='bbox 714 3615 802 3684; x_wconf 65' lang='grc' dir='ltr'><strong>Πῦῑῐὲ·</strong></span> <span class='ocrx_word' id='word_1_371' title='bbox 821 3644 851 3654; x_wconf 91' lang='grc'><strong>··</strong></span> <span class='ocrx_word' id='word_1_372' title='bbox 864 3630 899 3668; x_wconf 63' lang='lat'><strong>⁷23</strong></span> <span class='ocrx_word' id='word_1_373' title='bbox 915 3613 976 3682; x_wconf 65' lang='lat' dir='ltr'><strong>fim</strong></span> <span class='ocrx_word' id='word_1_374' title='bbox 987 3617 1092 3682; x_wconf 62' lang='lat' dir='ltr'><strong>timei·</strong></span> <span class='ocrx_word' id='word_1_375' title='bbox 1102 3655 1108 3668; x_wconf 92' lang='lat'>·</span> <span class='ocrx_word' id='word_1_376' title='bbox 1120 3653 1127 3668; x_wconf 92' lang='lat'><strong>·</strong></span> <span class='ocrx_word' id='word_1_377' title='bbox 1138 3613 1229 3682; x_wconf 57' lang='lat' dir='ltr'><strong>fiebat·</strong></span> 
     </span>
     <span class='ocr_line' id='line_1_44' title="bbox 147 3685 1259 3769; baseline -0.009 -14"><span class='ocrx_word' id='word_1_378' title='bbox 147 3701 242 3756; x_wconf 85' lang='lat' dir='ltr'><strong>mitius</strong></span> <span class='ocrx_word' id='word_1_379' title='bbox 259 3701 462 3758; x_wconf 86' lang='lat' dir='ltr'><strong>istunsindem</strong></span> <span class='ocrx_word' id='word_1_380' title='bbox 471 3703 663 3758; x_wconf 83' lang='lat' dir='ltr'><strong>Briefwechsel</strong></span> <span class='ocrx_word' id='word_1_381' title='bbox 716 3685 743 3741; x_wconf 79' lang='lat' dir='ltr'><strong>S·</strong></span> <span class='ocrx_word' id='word_1_382' title='bbox 761 3699 796 3738; x_wconf 57' lang='grc' dir='ltr'><strong>ΖΠ</strong></span> <span class='ocrx_word' id='word_1_383' title='bbox 814 3687 839 3750; x_wconf 72' lang='grc'><strong>3,</strong></span> <span class='ocrx_word' id='word_1_384' title='bbox 857 3687 899 3748; x_wconf 70' lang='grc'><strong>37,</strong></span> <span class='ocrx_word' id='word_1_385' title='bbox 917 3687 941 3736; x_wconf 82' lang='lat'><strong>3·</strong></span> <span class='ocrx_word' id='word_1_386' title='bbox 1257 3765 1259 3769; x_wconf 13' lang='lat' dir='ltr'>y</span> 
     </span>
     <span class='ocr_line' id='line_1_45' title="bbox 148 3764 1234 3839; baseline -0.006 -15"><span class='ocrx_word' id='word_1_387' title='bbox 148 3768 257 3824; x_wconf 80' lang='lat' dir='ltr'><strong>Ciceros</strong></span> <span class='ocrx_word' id='word_1_388' title='bbox 280 3771 415 3826; x_wconf 86' lang='lat' dir='ltr'><strong>erlralten:</strong></span> <span class='ocrx_word' id='word_1_389' title='bbox 443 3773 477 3827; x_wconf 87' lang='lat' dir='ltr'><strong>ad</strong></span> <span class='ocrx_word' id='word_1_390' title='bbox 500 3773 561 3826; x_wconf 70' lang='lat' dir='ltr'><strong>Ait,</strong></span> <span class='ocrx_word' id='word_1_391' title='bbox 580 3775 608 3839; x_wconf 84' lang='lat'><strong>8,</strong></span> <span class='ocrx_word' id='word_1_392' title='bbox 630 3775 660 3826; x_wconf 82' lang='lat'><strong>12</strong></span> <span class='ocrx_word' id='word_1_393' title='bbox 747 3769 791 3824; x_wconf 67' lang='lat' dir='ltr'><strong>dt).</strong></span> <span class='ocrx_word' id='word_1_394' title='bbox 809 3773 832 3822; x_wconf 91' lang='lat'><strong>1.</strong></span> <span class='ocrx_word' id='word_1_395' title='bbox 850 3766 1022 3822; x_wconf 82' lang='lat' dir='ltr'><strong>sccessiorum</strong></span> <span class='ocrx_word' id='word_1_396' title='bbox 1038 3764 1157 3835; x_wconf 76' lang='lat' dir='ltr'><strong>faciant:</strong></span> <span class='ocrx_word' id='word_1_397' title='bbox 1175 3771 1234 3819; x_wconf 84' lang='lat' dir='ltr'><strong>rot·</strong></span> 
     </span>
     <span class='ocr_line' id='line_1_46' title="bbox 149 3832 1232 3908; baseline -0.007 -13"><span class='ocrx_word' id='word_1_398' title='bbox 149 3838 190 3895; x_wconf 86' lang='lat' dir='ltr'><strong>tB.</strong></span> <span class='ocrx_word' id='word_1_399' title='bbox 201 3839 241 3902; x_wconf 85' lang='lat' dir='ltr'><strong>C.)</strong></span> <span class='ocrx_word' id='word_1_400' title='bbox 258 3839 292 3893; x_wconf 89' lang='lat' dir='ltr'><strong>D.</strong></span> <span class='ocrx_word' id='word_1_401' title='bbox 320 3840 346 3895; x_wconf 83' lang='lat' dir='ltr'><strong>S.</strong></span> <span class='ocrx_word' id='word_1_402' title='bbox 364 3855 399 3894; x_wconf 80' lang='lat' dir='ltr'><strong>uu</strong></span> <span class='ocrx_word' id='word_1_403' title='bbox 418 3857 440 3894; x_wconf 90' lang='lat' dir='ltr'><strong>c.</strong></span> <span class='ocrx_word' id='word_1_404' title='bbox 461 3845 501 3908; x_wconf 76' lang='lat'><strong>17,</strong></span> <span class='ocrx_word' id='word_1_405' title='bbox 520 3845 544 3895; x_wconf 85' lang='lat'><strong>1.</strong></span> <span class='ocrx_word' id='word_1_406' title='bbox 562 3839 662 3894; x_wconf 83' lang='lat' dir='ltr'><strong>Caesar</strong></span> <span class='ocrx_word' id='word_1_407' title='bbox 715 3843 761 3892; x_wconf 89' lang='lat' dir='ltr'><strong>ten</strong></span> <span class='ocrx_word' id='word_1_408' title='bbox 779 3836 837 3891; x_wconf 88' lang='lat' dir='ltr'><strong>sich</strong></span> <span class='ocrx_word' id='word_1_409' title='bbox 855 3851 1019 3899; x_wconf 78' lang='lat' dir='ltr'><strong>zusammen,</strong></span> <span class='ocrx_word' id='word_1_410' title='bbox 1037 3851 1089 3889; x_wconf 84' lang='lat' dir='ltr'><strong>von</strong></span> <span class='ocrx_word' id='word_1_411' title='bbox 1106 3834 1155 3888; x_wconf 88' lang='lat' dir='ltr'><strong>der</strong></span> <span class='ocrx_word' id='word_1_412' title='bbox 1171 3832 1232 3887; x_wconf 86' lang='lat' dir='ltr'><strong>Ab·</strong></span> 
     </span>
     <span class='ocr_line' id='line_1_47' title="bbox 147 3901 1233 3975; baseline -0.01 -9"><span class='ocrx_word' id='word_1_413' title='bbox 147 3914 197 3968; x_wconf 83' lang='lat' dir='ltr'><strong>hat</strong></span> <span class='ocrx_word' id='word_1_414' title='bbox 222 3909 275 3963; x_wconf 88' lang='lat' dir='ltr'><strong>deu</strong></span> <span class='ocrx_word' id='word_1_415' title='bbox 304 3908 398 3963; x_wconf 87' lang='lat' dir='ltr'><strong>Inhalt</strong></span> <span class='ocrx_word' id='word_1_416' title='bbox 424 3907 496 3963; x_wconf 87' lang='lat' dir='ltr'><strong>wohl</strong></span> <span class='ocrx_word' id='word_1_417' title='bbox 518 3924 571 3962; x_wconf 89' lang='lat' dir='ltr'><strong>nur</strong></span> <span class='ocrx_word' id='word_1_418' title='bbox 601 3924 662 3962; x_wconf 85' lang='lat' dir='ltr'><strong>vom</strong></span> <span class='ocrx_word' id='word_1_419' title='bbox 715 3906 871 3975; x_wconf 86' lang='lat' dir='ltr'><strong>sonderung</strong></span> <span class='ocrx_word' id='word_1_420' title='bbox 891 3920 955 3959; x_wconf 85' lang='lat' dir='ltr'><strong>uum</strong></span> <span class='ocrx_word' id='word_1_421' title='bbox 978 3903 1092 3958; x_wconf 86' lang='lat' dir='ltr'><strong>Zweclre</strong></span> <span class='ocrx_word' id='word_1_422' title='bbox 1114 3902 1162 3957; x_wconf 88' lang='lat' dir='ltr'><strong>der</strong></span> <span class='ocrx_word' id='word_1_423' title='bbox 1180 3901 1233 3957; x_wconf 89' lang='lat' dir='ltr'><strong>Be·</strong></span> 
     </span>
    </p>
   </div>
   <div class='ocr_carea' id='block_1_8' title="bbox 0 0 1352 4336">
    <p class='ocr_par' dir='ltr' id='par_1_10' title="bbox 0 0 1352 4336">
     <span class='ocr_line' id='line_1_48' title="bbox 0 0 1352 4336; baseline 0 0"><span class='ocrx_word' id='word_1_424' title='bbox 0 0 1352 4336; x_wconf 95' lang='lat' dir='ltr'><strong> </strong></span> 
     </span>
    </p>
   </div>
  </div>
 </body>
</html>
