2670 4336
162 167 223 225 152
544 167 596 221 DE
612 166 729 223 BELLO
747 167 860 222 CIVlLI

160 361 216 416 que
239 344 285 402 die
307 345 465 416 productos
487 344 586 403 eodem
607 345 678 417 loeo,
702 360 758 416 quo
780 344 980 417 superioribus
1007 343 1109 402 diebus
1132 345 1241 403 eonsti-

123 436 138 485 5
158 434 248 503 terat,
271 429 302 486 in
324 430 386 488 acie
409 431 547 488 conlocat.
588 429 634 487 Ne
655 429 754 488 Varus
777 429 892 503 quidem
914 429 1033 487 dubitat
1053 430 1151 502 copias
1172 447 1240 503 pro-

161 514 274 588 ducere,
298 515 361 573 sive
384 515 563 573 sollicitandi
585 514 692 573 milites
712 515 776 573 sive
798 531 890 586 aequo
905 515 967 572 loco
982 514 1140 573 dimicandi
1155 515 1241 574 detur

160 599 280 673 occasio,
304 616 340 657 ne
361 600 532 659 facultatem
554 599 783 673 praetermittat.

245 677 301 748 34.
323 685 400 743 Erat
422 686 510 744 vallis
532 686 612 743 inter
634 685 706 743 dnae
730 686 822 759 acies,
845 687 878 743 ut
899 701 990 758 snpra
1011 685 1240 743 demonstratum

160 775 213 844 est,
235 786 294 828 non
315 770 358 828 ita
379 788 495 845 magna,
518 776 551 828 at
573 769 688 828 difficili
703 775 732 828 et
746 770 837 828 arduo
853 785 983 828 ascensu.
1017 769 1103 828 Hane
1117 773 1240 843 uterque

160 856 186 913 si
209 855 446 914 adversariorum
469 856 569 929 copiae
591 856 719 913 transire
742 861 933 929 conarentur,
958 856 1160 929 exspectabat,
1183 871 1240 927 qno

122 941 297 1012 raequiore
330 942 392 999 loco
424 941 568 1015 proelium
601 940 793 998 committeret
795 986 892 999 .....
922 939 1015 999 Simul
1048 941 1085 998 ab
1118 939 1240 998 sinistro

159 1042 250 1084 cornu
271 1025 305 1085 P.
327 1027 405 1084 Attii
434 1027 582 1098 equitatus
610 1026 702 1083 omnis
724 1031 755 1084 et
776 1043 835 1083 una
857 1025 931 1084 levis
954 1031 1123 1084 armaturae
1145 1026 1238 1084 inter·

158 1111 228 1169 iecti
261 1112 424 1184 complures
456 1128 521 1169 cum
553 1128 584 1169 se
612 1112 644 1168 in
666 1111 774 1169 vallem
796 1110 998 1186 demitterent,
1033 1112 1239 1170 cernebantur.

122 1204 138 1252 3
160 1196 207 1253 Ad
229 1213 278 1254 eos
294 1195 380 1256 Curio
403 1198 565 1269 equitatum
588 1199 617 1254 et
639 1196 711 1254 duas
726 1195 960 1254 Marrucinorum
986 1197 1120 1254 cohortes
1135 1196 1239 1255 mittit

160 1281 289 1352 Quorum
321 1282 448 1355 primum
479 1283 618 1357 impetum
646 1282 759 1354 equites
780 1281 909 1339 hostium
931 1298 989 1339 non
1011 1281 1154 1356 tulerunt,
1189 1281 1241 1340 sed

159 1367 294 1424 admissis
316 1368 398 1440 equis
421 1367 458 1425 ad
480 1384 547 1425 snos
569 1367 759 1440 refugerunt3
782 1366 880 1424 relicti
902 1368 938 1424 ab
965 1367 1011 1424 his
1034 1367 1084 1439 qni
1098 1383 1159 1424 una
1173 1383 1241 1440 pro·

161 1455 316 1510 currerent
346 1453 422 1511 levis
444 1457 614 1510 armaturae
642 1452 949 1510 circumveniebantur
970 1457 1060 1524 atque
1081 1451 1240 1510 interficie-

122 1544 136 1591 4
158 1539 269 1594 bantur
291 1538 327 1594 ab
350 1539 468 1597 nostris.
511 1536 578 1594 Huc
600 1542 665 1595 tota
686 1537 759 1594 Vari
781 1553 924 1596 conversa
945 1535 1021 1594 acies
1044 1554 1112 1595 suos
1134 1537 1241 1610 ingere

160 1630 191 1679 et
212 1622 325 1680 concidi
347 1623 475 1682 videbat.
506 1623 582 1680 Tum
596 1622 727 1696 Rebilus,
749 1623 868 1695 legatus
883 1621 1026 1696 Caesaris,
1050 1639 1134 1695 quem
1151 1621 1241 1680 Curio

159 1723 257 1765 secum
286 1723 322 1765 ex
344 1707 447 1767 Sicilia
480 1707 618 1782 duxerat,
650 1707 725 1781 quod
755 1724 893 1780 magnum
914 1707 1025 1765 habere
1046 1724 1131 1765 usum
1152 1707 1184 1764 in
1207 1725 1241 1766 re

159 1793 285 1851 militari
301 1794 417 1868 sciebat,
437 1780 665 1868 ‘Perterritum²,
681 1793 785 1866 inquit,
805 1786 930 1851 ‘hostem
944 1792 1034 1867 vides,
1051 1790 1153 1852 Curio:
1170 1793 1241 1866 qnid

122 1887 135 1934 6
160 1877 275 1936 dubitas
309 1880 351 1937 uti
379 1880 520 1953 temporis
542 1873 795 1952 opportunitate?
838 1877 895 1936 Ille
917 1894 1006 1935 unum
1029 1878 1172 1952 elocutus,
1206 1883 1242 1936 ut

160 1963 300 2022 memoria
332 1970 469 2023 tenerent
501 1964 610 2022 milites
637 1980 683 2039 ea,
717 1980 792 2037 quae
813 1963 909 2037 pridie
932 1963 989 2021 sibi
1010 1963 1240 2038 confirmassent,

160 2049 243 2121 sequi
265 2065 329 2107 sese
351 2050 433 2108 iubet
456 2055 486 2108 et
506 2050 676 2123 praecurrit
697 2054 767 2107 ante
789 2065 895 2106 omnes.
938 2049 1077 2120 Adeoque
1100 2055 1166 2107 erat
1187 2049 1241 2106 im·

160 2134 262 2206 pedita
295 2135 398 2209 vallis,
432 2140 467 2193 ut
498 2136 530 2192 in
558 2151 680 2192 ascensu
702 2133 759 2192 nisi
781 2133 928 2192 sublevati
951 2150 970 2191 a
991 2134 1052 2192 suia
1073 2135 1162 2206 primi
1184 2150 1243 2192 non

161 2282 242 2345 etate,
264 2282 347 2348 atque
363 2279 412 2358 ito,
430 2283 463 2333 ot
477 2280 676 2334 commissos
729 2279 782 2334 don
804 2278 886 2333 freier
903 2279 977 2333 Laut
996 2279 1119 2349 gelassen
1142 2279 1244 2334 warde.

161 2347 200 2401 sit
215 2346 288 2414 fidei
305 2362 496 2416 permeatur
507 2347 641 2417 potestati.
728 2346 1242 2415 122‚2;Oio.defin.2,61.-leviaar·

196 2419 221 2469 4.
239 2417 398 2484 posteroque
409 2415 453 2470 die
465 2416 489 2470 d.
502 2418 597 2472 16.Αιι
652 2420 676 2481 ι;
727 2417 854 2469 matrerae
871 2416 1024 2485 httngtvon
1037 2415 1084 2484 qui
1101 2431 1160 2469 aaa
1174 2431 1240 2485 pro·

162 2484 234 2538 deun
246 2497 343 2552 wegen
360 2483 408 2538 der
426 2484 571 2554 folgenden
617 2491 676 2538 orte
728 2486 873 2537 maroam
893 2483 940 2548 ab,
962 2485 1016 2538 wie
1034 2485 1049 2552 §
1068 2488 1082 2537 2
1101 2499 1155 2538 von
1172 2499 1243 2538 com·

162 2551 403 2620 superioribus
427 2552 550 2607 diebus
568 2557 676 2607 mdsoen
724 2551 828 2621 plores.
876 2551 959 2606 Levia
994 2555 1140 2607 amatore
1173 2551 1244 2606 wird

162 2620 217 2674 seit
229 2637 251 2674 c.
264 2624 296 2674 27
299 2625 331 2685 ,4
344 2620 510 2690 wenigstens
522 2621 591 2676 zwei
600 2622 676 2690 Tage
728 2618 805 2674 nieht
817 2619 880 2674 bloss
891 2620 929 2674 im
940 2620 1036 2675 Genet.
1047 2620 1142 2688 qualit.
1155 2620 1244 2675 einem

163 2688 310 2743 verilossen
327 2688 394 2744 sein.
729 2687 822 2743 Subst.
841 2687 1018 2768 beigeqebem
1034 2688 1096 2752 (wie
1115 2687 1180 2742 levis
1197 2705 1244 2742 ar-

196 2757 241 2814 34.
260 2761 283 2812 1.
301 2760 334 2811 ut
343 2773 429 2827 supra
439 2763 470 2821 te.
480 2760 522 2821 27,
532 2760 558 2823 4)
568 2755 676 2810 domoo-
728 2759 855 2810 manaae
877 2756 977 2811 miletae
994 2756 1023 2810 ll
1041 2761 1083 2824 16,
1103 2761 1130 2820 1;
1153 2761 1194 2819 24,
1214 2761 1244 2820 13

162 2829 281 2880 atratum
299 2828 339 2880 cot
355 2826 463 2881 bezieht
480 2824 537 2879 sich
559 2840 611 2879 nur
628 2825 680 2878 aui
729 2823 783 2879 VH
800 2829 842 2888 65,
858 2829 874 2878 4
881 2844 888 2888 ;
907 2829 931 2889 1,
948 2828 991 2891 48,
1009 2830 1038 2892 73
1057 2828 1098 2887 86,
1117 2831 1131 2879 5
1138 2845 1145 2887 ;
1164 2829 1189 2891 6,
1201 2829 1245 2892 62,

164 2893 245 2948 vallis
261 2910 318 2948 ooo
334 2894 376 2949 ito
393 2911 438 2948 ma
456 2911 503 2948 oo.
533 2892 584 2947 Die
596 2892 677 2948 Rich·
729 2896 766 2957 6,)
789 2893 903 2947 sondern
922 2892 1080 2948 bezeichnet
1104 2893 1173 2946 auch
1196 2908 1245 2961 ge·

163 2961 267 3041 tigkeit
285 2963 332 3041 der
345 2912 490 3031 iolgengen
502 2962 677 3030 Bemerknng
728 2962 827 3016 radoan
845 2962 889 3016 die
906 2962 1172 3031 lruppengattung,
1191 2961 1244 3016 wie

165 3034 196 3083 ot
213 3029 324 3098 difficolt
347 3034 374 3085 et
396 3032 484 3086 arduo
507 3045 619 3084 ascenso
637 3045 677 3084 er·
730 3035 754 3095 3,
771 3034 813 3094 45,
831 3035 846 3084 6
866 3046 893 3084 u.
911 3034 953 3096 62,
971 3034 996 3084 2.

152 3156 155 3160 Δ
187 3097 229 3151 ‘bt
255 3097 313 3151 sich
340 3098 460 3153 deutlich
487 3114 536 3152 aus
563 3099 578 3165 ξ
602 3104 625 3152 6.
646 3128 676 3136 -
763 3102 787 3151 4.
805 3097 931 3152 Rebilus:
955 3098 980 3152 S.
1003 3113 1038 3151 zu
1065 3101 1087 3165 1,
1107 3101 1148 3164 26,
1167 3100 1191 3149 6.
1209 3126 1246 3136 -

192 3164 677 3233 gl.auc.27,4.-si...eoooreo·
729 3183 860 3236 mappam
877 3166 975 3220 babere
991 3182 1080 3220 mom.
1110 3165 1183 3219 Uber
1194 3165 1245 3220 das

167 3237 220 3298 tur,
238 3234 423 3302 exspectabat:
442 3239 465 3300 1,
479 3240 502 3300 6,
516 3238 544 3296 6;
563 3238 586 3300 6,
597 3237 638 3302 85,
649 3239 676 3296 1;
729 3233 1172 3304 FeblendesSubjeeteacousativs
1182 3249 1246 3288 eum

165 3302 193 3356 II
211 3305 235 3370 9,
256 3304 278 3355 1.
730 3302 831 3370 nglau
844 3306 953 3367 6,41,4.
976 3295 1164 3367 iibnliob,wie
1176 3300 1247 3367 bier,

201 3374 225 3424 2.
310 3367 401 3423 Simul
415 3369 499 3436 aeigt,
517 3367 678 3423 dassvorher
729 3370 1246 3440 1113‚a:to(0ppiooml...0ppc

166 3439 227 3493 eino
241 3437 395 3493 bestimmte
407 3437 541 3491 Tateaebe
555 3437 679 3491 erwtihnt
727 3454 814 3507 pecare
831 3441 954 3506 coco-tue,
974 3439 1058 3507 qaod
1075 3455 1190 3492 vacuam
1207 3437 1246 3492 ab

166 3507 224 3560 sein
250 3505 328 3571 muli,
355 3505 406 3559 mit
432 3505 480 3559 der
502 3504 679 3559 comebantur
730 3505 918 3574 defensoribus
942 3523 997 3561 ease
1019 3506 1159 3572 audiebat,
1184 3545 1246 3560 ...

166 3574 344 3644 gleichzeitig
360 3590 427 3628 war.
439 3603 473 3612 —
487 3572 559 3627 Attii
576 3572 678 3642 equita·
731 3590 887 3643 expropriare
895 3591 952 3629 ooo
956 3575 1060 3645 potuit:
1075 3575 1131 3630 (iic.
1142 3575 1245 3630 adAtt.

168 3642 678 3710 tremiscas,uu.2o‚2.4erwthnte
731 3646 755 3705 2,
778 3646 819 3711 22,
843 3648 871 3697 2:
907 3660 998 3712 quem
1021 3644 1080 3712 ipae
1101 3646 1244 3711 amaret,

167 3710 335 3766 numidische
352 3709 481 3766 Reiterei.
730 3726 790 3763 oum
810 3711 945 3780 plebeium
963 3716 1045 3778 (eum)
1062 3711 1123 3779 fieri
1141 3727 1246 3781 proauo

202 3783 227 3833 6.
253 3778 383 3834 admissis
415 3779 502 3860 equis:
541 3778 593 3833 mit
619 3794 678 3833 ver·
730 3781 804 3833 esset.

168 3847 300 3915 hongtem
317 3847 411 3916 Ziigel,
428 3849 517 3902 mdem
536 3848 587 3901 den
602 3846 679 3902 Pier·
766 3853 789 3901 6.
806 3847 909 3917 pridie:
933 3864 968 3903 zu
988 3854 1010 3918 1,
1029 3853 1070 3916 67,
1089 3853 1162 3902 2.-
1187 3847 1245 3903 erti-
