2670 4336
577 244 612 298 ll.
633 248 673 299 17.
687 247 727 298 18.
1122 243 1183 300 131

105 424 219 481 duabus
240 422 375 480 cohortes
390 420 511 479 circiter
524 438 585 478 xxx
600 421 710 480 alarias
725 421 846 479 addidit.
876 418 1032 477 Frumenti
1046 436 1185 492 maguum

105 524 258 567 numerum
280 507 392 580 coegit,
416 505 492 578 quod
514 505 760 580 Massiliensibus,
788 507 860 563 item
882 504 959 576 quod
981 504 1106 563 Afranio
1129 505 1185 563 Pe·

105 593 237 665 treioque
259 593 401 650 mitteret.
431 590 530 650 Navcs
550 591 655 662 longas
676 608 696 648 x
719 590 876 649 Gaditanis
898 595 933 646 ut
946 590 1080 647 facerent
1094 591 1185 664 impe-

104 678 193 751 ravit,
217 678 380 749 complures
399 681 556 750 praeterea
569 675 690 748 Hispali
704 674 854 734 faciendas
869 675 994 733 curavit.
1025 674 1186 735 Pecuniam
1206 685 1221 734 l

105 780 217 822 omnem
240 763 394 834 omniaque
415 764 585 819 ornamenta
606 777 643 818 ex
664 761 733 819 fano
755 760 893 818 Herculis
914 760 946 817 in
968 759 1105 832 oppidum
1125 759 1184 820 Ga·

105 848 156 906 des
179 849 320 920 contulit;
343 863 376 905 eo
399 863 451 904 sex
473 846 606 904 cohortes
627 846 769 919 praesidii
783 862 872 904 causa
887 862 922 902 ex
938 845 1091 918 provincia
1105 847 1185 906 misit

106 933 269 1006 Gaiumque
292 931 476 1006 Gallonium,
505 932 632 1002 equitem
653 930 830 1005 Romanum,
853 931 1030 989 familiarem
1051 930 1183 1005 Domitii,

105 1019 156 1092 qui
178 1036 211 1077 eo
233 1016 435 1091 procurandae
456 1015 631 1074 hereditatis
646 1033 734 1075 causa
748 1021 873 1075 venerat
893 1016 998 1073 missus
1014 1033 1032 1072 a
1046 1014 1183 1089 Domitio,

104 1104 210 1178 oppido
233 1103 365 1162 Gadibus
392 1102 550 1175 praefecit3
580 1118 663 1160 arma
691 1103 788 1160 omnia
814 1103 936 1174 privata
957 1117 991 1158 ac
1012 1100 1131 1173 publica
1152 1101 1185 1159 in

105 1188 220 1247 domum
242 1188 373 1247 Gallonii
395 1188 528 1246 contulit.
561 1187 629 1260 Ipse
651 1188 756 1244 habuit
777 1203 885 1259 graves
900 1187 932 1244 in
948 1185 1103 1244 Gaesarem
1118 1203 1184 1246 con·
1206 1197 1221 1244 3

105 1275 207 1333 tiones.
238 1273 331 1346 Saepe
353 1290 389 1330 ex
403 1273 547 1330 tribunali
566 1272 752 1345 praedicavit
774 1272 900 1331 adversa
922 1271 1077 1330 Gaesarem
1098 1289 1183 1345 proe-

104 1360 147 1418 lia
174 1359 292 1433 fecisse,
325 1375 463 1431 magnum
491 1374 644 1415 numerum
672 1359 708 1416 ab
738 1374 771 1415 eo
806 1358 933 1414 militum
960 1357 997 1414 ad
1024 1357 1183 1417 Afranium

103 1444 282 1518 perfugisse,
306 1444 378 1501 haec
400 1460 431 1501 se
453 1443 543 1501 certis
558 1444 679 1517 nuntiis,
702 1444 791 1501 certis
814 1443 983 1501 auctoribus
999 1443 1182 1515 comperisse.

104 1528 216 1601 Quibus
237 1530 326 1587 rebus
346 1529 524 1602 perterritos
546 1529 626 1588 cives
640 1528 788 1587 Romanos
810 1529 872 1587 eius
887 1528 1058 1600 provinciae
1073 1528 1131 1585 sibi
1146 1528 1184 1586 ad
1205 1535 1220 1584 4

107 1631 169 1673 rem
190 1615 339 1688 publicam
361 1613 625 1671 administrandam
640 1613 691 1672 Hs
706 1607 819 1692 Ιο-ῶῑῖ)
838 1621 869 1671 et
888 1613 1007 1685 argenti
1026 1613 1121 1686 pondo
1137 1631 1182 1671 xx

103 1699 193 1772 milia,
216 1699 312 1757 tritici
333 1698 461 1755 modium
483 1716 544 1755 cxx
565 1699 648 1756 milia
669 1700 803 1771 polliceri
825 1699 929 1772 coegit.
959 1697 1039 1770 Quas
1062 1697 1183 1757 Caesari
1205 1707 1220 1753 a

105 1799 168 1842 esse
183 1784 292 1841 amicas
307 1783 444 1841 civitates
459 1783 671 1857 arbitrabatur,
686 1785 733 1843 his
748 1785 889 1858 graviora
903 1799 993 1841 onera
1006 1783 1182 1856 iniungebat

103 1867 310 1940 praesidiaque
333 1884 366 1923 eo
388 1865 549 1925 deducebat
571 1874 602 1925 et
622 1868 732 1928 iudicia
752 1870 784 1926 in
804 1870 938 1941 privatos
953 1867 1109 1941 reddebat,
1132 1868 1183 1939 qui

105 1953 198 2012 verba
231 1959 319 2023 atque
354 1952 517 2009 orationem
550 1952 692 2012 adversus
723 1970 785 2011 rem
818 1952 964 2025 publicam
996 1952 1181 2011 habuissent:

106 2080 132 2134 S.
154 2084 176 2137 l.
194 2083 236 2144 38,
255 2084 278 2133 1.
296 2108 328 2117 —
347 2077 461 2134 adunca.
498 2079 523 2134 S.
541 2096 576 2134 au
596 2085 618 2143 l,
671 2073 1183 2145 tiverAblativ‘anGewicht',wird

105 2153 147 2212 73,
166 2153 190 2201 3.
218 2176 249 2187 -
276 2149 309 2200 ut
329 2145 451 2212 facereret
472 2150 550 2202 weist
570 2148 621 2202 auf
670 2148 755 2202 durch
772 2149 826 2202 alle
839 2148 923 2202 Casus
941 2147 1183 2203 unveriindertfiur

105 2215 158 2271 den
168 2215 228 2269 Bau
240 2213 454 2269 neuersebiffe
463 2215 511 2269 hin
520 2216 584 2283 (vgl.
595 2232 617 2271 c.
669 2215 798 2271 Pfunde
815 2216 973 2286 gebraucht.
1000 2247 1029 2256 -
1050 2216 1181 2271 modium.

105 2288 198 2351 21‚4p;
215 2299 298 2337 naues
313 2281 345 2336 G.
359 2282 617 2351 imperaritkbnuta
669 2285 724 2339 Der
752 2284 884 2339 rbmische
915 2283 1037 2350 schedel,
1073 2285 1182 2341 modius

105 2352 175 2406 auch
187 2351 616 2420 dieStellungalterbezeichneu.
725 2353 775 2421 8³la
797 2352 886 2419 Liter,
913 2370 970 2408 war
996 2354 1044 2407 der
1069 2359 1093 2408 6.
1120 2355 1181 2410 Teil

138 2424 163 2474 2.
194 2419 343 2474 Pecuniam
448 2423 616 2475 ommrrwnta.
671 2420 743 2476 eines
762 2421 898 2476 attischen
918 2419 1055 2489 μέδιμνος.

104 2488 192 2543 Varro
211 2489 305 2543 wollte
317 2487 361 2541 die
373 2488 482 2542 reichen
494 2488 616 2558 Tempel·
703 2495 727 2543 5.
749 2489 854 2544 induta
874 2488 1056 2543 reddebat-
1073 2490 1179 2545 iudicia

103 2557 213 2611 schdtze
226 2572 274 2611 vor
287 2555 387 2610 Caesar
401 2561 499 2620 retten‚
517 2556 616 2611 dersie
668 2556 765 2620 dabat;
784 2574 812 2612 es
834 2556 905 2611 wird
922 2573 984 2611 vom
1002 2557 1116 2612 Praetor
1134 2575 1181 2627 ge-

103 2641 125 2678 c.
144 2629 185 2689 21,
201 2632 216 2678 3
236 2625 296 2678 dem
314 2624 615 2702 Tempellwiedergibt.
668 2630 738 2704 aagt,
759 2627 806 2704 der
816 2625 860 2678 die
873 2625 1113 2704 Klageuannimmt
1125 2626 1180 2679 und

102 2691 616 2839 admittuduttdduta
667 2691 1181 2839 tundul‘itlitit⁶¹¹taf¹⁰iht

102 2829 150 2882 der
161 2829 245 2891 lnsel;
258 2827 309 2881 auf
318 2827 379 2881 dem
388 2827 616 2882 nordwesthchen
668 2847 694 2905 p.
707 2829 814 2904 Qumct.
826 2832 872 2881 71:
886 2843 929 2880 cuc
940 2842 1025 2894 neque
1037 2867 1044 2880 .
1057 2867 1064 2880 .
1077 2866 1083 2879 .
1096 2843 1181 2895 neque

102 2896 150 2962 lag
162 2895 206 2948 die
220 2895 313 2949 suda:
332 2893 404 2948 Mela
416 2899 438 2960 3,
452 2898 498 2957 463
518 2895 615 2949 Strabo
667 2895 800 2948 eudemum
821 2895 960 2948 redditum
977 2897 1017 2948 eat
1032 2895 1177 2961 natatum

102 2966 239 3026 4,5,3.-
249 2962 440 3030 procurandae
458 2962 616 3017 hereditatis
668 2963 730 3016 Tac.
754 2964 791 3015 A.
818 2967 840 3028 1,
863 2967 909 3016 72:
937 2963 1104 3017 maculante
1123 3005 1129 3017 .
1148 3002 1180 3018 ..

102 3046 194 3084 causa
217 3029 358 3083 Gallonius
371 3029 615 3085 sollteferomi-
667 3033 798 3099 praetore,
828 3047 865 3084 an
894 3029 998 3084 indicia
1027 3031 1179 3087 materiatis

102 3097 159 3152 tius
182 3097 241 3151 eine
259 3096 408 3151 Erbschaft
425 3098 615 3152 tibernebmen.
668 3097 852 3162 redderentur,
871 3099 1031 3152 exurendae
1044 3099 1111 3169 tepea
1123 3117 1178 3155 esee

102 3164 258 3233 -oppido
284 3164 318 3219 G.
345 3165 483 3234 praefecit.
525 3165 614 3221 Gallo·
666 3166 808 3235 respondit
838 3166 991 3231 (Tiberius).
1037 3167 1178 3223 Iudicium

103 3234 165 3288 nius
184 3232 282 3287 erhielt
299 3233 347 3287 das
367 3233 531 3288 Commendo
549 3235 615 3289 iiber
667 3235 798 3304 deuepure
824 3234 885 3289 eine
911 3234 1001 3302 Klage
1027 3236 1104 3291 nicht
1131 3253 1179 3291 an·

101 3302 145 3356 die
168 3307 182 3356 6
202 3302 337 3356 Cohorteu
360 3302 415 3355 und
438 3302 524 3356 damit
545 3304 614 3357 auch
665 3304 832 3357 uehmeu.-
845 3303 924 3357 umba
936 3306 1016 3371 atque
1028 3305 1177 3359 arationem

101 3371 168 3426 tiber
190 3369 233 3424 die
252 3369 342 3424 Stadt.
363 3398 398 3409 -
420 3370 540 3439 publica:
564 3388 613 3426 aus
665 3371 827 3438 bubuueeut,
857 3371 909 3426 wie
935 3371 994 3427 Liv.
1018 3378 1060 3437 24,
1085 3377 1124 3436 18,
1148 3378 1176 3427 4:

101 3440 153 3494 den
170 3437 364 3507 Zeugbitusern
382 3438 429 3492 der
447 3438 535 3493 Stadt.
660 3439 890 3508 pronuntiarunt,
913 3439 994 3493 amba
1016 3441 1177 3494 arationem-

136 3515 159 3561 3.
184 3523 280 3576 praem
299 3547 305 3560 .
325 3549 331 3560 .
350 3547 356 3560 .
375 3506 521 3561 motiones:
549 3508 613 3562 dou·
664 3525 717 3629 zue
742 3524 786 3562 ecs
808 3510 938 3563 adaerere
962 3525 1019 3560 reru
1040 3508 1177 3576 publicam

100 3576 200 3630 uemde
218 3575 317 3629 Redeu.
683 3576 798 3643 adnuae,
816 3577 871 3630 und
891 3574 972 3629 ruba
984 3575 1080 3628 babae
1092 3576 1176 3630 allelu

135 3648 159 3696 4.
186 3643 243 3697 eiua
268 3642 436 3711 provinciae:
464 3641 612 3711 Hispaniae
665 3644 719 3698 Cic.
742 3646 774 3698 de
798 3644 1026 3708 invent.2‚140;
1052 3645 1084 3697 de
1107 3652 1175 3698 orat.

101 3710 247 3765 ulterioris.
268 3711 369 3764 -Hs
386 3711 495 3773 lffinrl
519 3728 555 3765 zu
573 3728 613 3766 er·
665 3716 688 3774 2,
714 3715 774 3774 196;
798 3713 831 3766 de
852 3727 907 3779 rep.
932 3714 956 3774 6,
975 3714 1004 3772 9;
1027 3710 1126 3765 Salll
1169 3752 1174 3763 .

101 3778 194 3855 hlttren
211 3779 280 3833 nach
300 3783 322 3843 1,
340 3784 383 3841 23,
400 3786 425 3846 4,
446 3780 502 3833 also
520 3784 612 3834 amter-
665 3783 688 3843 9,
711 3783 740 3840 45
763 3777 819 3832 also
840 3778 904 3832 lxein
927 3778 1057 3849 Zeugma.
1075 3811 1108 3818 -
1127 3729 1175 3834 ad-

102 3847 278 3901 numantiae
290 3847 410 3916 octoque.
428 3850 459 3902 18
472 3847 611 3902 Millionen
664 3861 756 3899 'aarum
778 3861 836 3899 reru
858 3845 1004 3915 publicam,
1031 3847 1068 3902 im
1092 3849 1174 3904 Sinue

102 3911 260 3969 Sestemiem
283 3945 316 3956 —-
336 3915 437 3985 pondo,
461 3915 504 3970 ein
525 3915 612 3970 defec—
664 3915 710 3967 des
727 3913 931 3982 Pompeiauers;
957 3933 979 3970 c.
997 3921 1038 3984 21,
1057 3921 1087 3971 2:
1109 3935 1175 3987 quoe

990 4005 1022 4055 9*
