2670 4336
604 215 655 272 ΙΙΙ.
671 221 713 272 32.
1134 215 1197 275 203

123 391 224 466 miges,
247 397 402 467 tormenta,
426 398 566 451 vecturae
580 393 818 466 imperabantur3
840 392 923 450 cuius
936 391 1019 450 modo
1035 392 1079 449 rei
1093 408 1198 470 nomen

123 477 250 550 reperiri
270 482 395 552 poterat,
417 478 472 535 hoc
493 479 567 536 satis
589 494 653 536 cssc
667 477 705 534 ad
719 477 864 550 cogendas
878 477 1018 550 pecunias
1032 477 1197 537 videbatur.

123 561 189 619 Non
211 563 304 620 solum
320 563 450 637 urbibus,
466 562 518 621 sed
538 579 632 636 paene
654 563 728 622 vicis
746 561 933 635 castellisque
948 562 1074 635 singulis
1088 563 1200 635 singuli
1221 569 1236 618 3

125 663 189 704 cnm
223 648 346 721 imperio
378 648 635 721 praeficiebantur.
686 646 743 718 Qui
774 647 878 706 horum
910 646 980 720 quid
1013 648 1200 706 acerbissime

126 731 383 805 crudelissimeque
404 733 531 808 iecerat,
559 735 586 791 is
607 739 638 792 et
660 733 708 791 vir
729 738 760 790 et
782 733 856 792 civis
877 733 1004 806 optimus
1025 732 1198 791 habebatur.

124 817 202 875 Erat
222 819 312 892 plena
326 819 463 877 lictorum
478 823 510 877 ct
523 818 712 892 imperiorum
726 819 888 892 provincia,
908 817 1027 876 differta
1041 818 1201 891 praefectis
1222 825 1237 874 s

126 908 215 975 atquc
244 904 443 978 exactoribus,
472 904 523 976 qui
544 908 665 977 practer
685 904 847 976 imperatas
874 903 1014 976 pecunias
1035 919 1086 961 suo
1109 904 1200 962 etiam

122 989 241 1061 privato
264 988 430 1062 compendio
445 989 628 1062 serviebant3
650 987 830 1046 dictitabant
851 988 927 1046 enirn
942 1004 974 1046 se
988 988 1072 1046 domo
1087 989 1199 1062 patria-

124 1090 179 1145 que
213 1075 349 1146 expulsos
381 1074 514 1132 omnibus
546 1074 720 1132 necessariis
753 1089 840 1146 egere
876 1075 977 1147 rebus,
1011 1079 1046 1131 ut
1077 1073 1201 1132 honesta

125 1159 359 1232 praescriptione
381 1176 444 1217 rem
465 1159 666 1233 turpissimam
688 1164 832 1232 tegerent.
861 1157 1049 1216 Accedebant
1070 1158 1107 1217 ad
1128 1159 1238 1217 bacch

124 1243 318 1316 gravissimae
334 1261 448 1320 usurae,
472 1244 549 1317 quod
569 1245 601 1302 in
615 1244 693 1303 bello
707 1245 879 1318 plerumque
894 1244 1026 1301 accidere
1048 1243 1201 1302 consuerit

124 1329 271 1387 universis
293 1329 446 1403 imperatis
467 1331 614 1403 pecuniis;
637 1331 742 1402 quibus
763 1330 795 1386 in
814 1330 902 1387 rebus
923 1329 1119 1402 prolationem
1141 1328 1201 1387 diei

124 1414 310 1472 donationem
338 1431 401 1473 esse
423 1415 567 1474 dicebant.
611 1414 718 1488 Ithuc
746 1430 796 1472 aes
818 1414 946 1472 alienum
974 1414 1145 1487 provinciae
1167 1430 1200 1472 eo

122 1499 240 1556 biennio
253 1499 485 1573 multiplicatum
501 1506 554 1559 est.
584 1499 686 1572 Neque
701 1499 796 1557 miuus
818 1500 854 1556 ob
870 1516 934 1556 eam
949 1515 1067 1557 causam
1088 1499 1202 1558 civibus
1222 1505 1239 1555 6

122 1583 263 1642 Romanis
286 1586 348 1643 eius
363 1586 541 1660 provinciae,
563 1585 614 1643 sed
635 1585 666 1643 in
681 1584 814 1657 singulos
828 1590 989 1642 conventus
1011 1584 1201 1656 singulasque

122 1669 262 1727 civitates
291 1676 389 1728 certae
417 1670 559 1743 pecuniae
587 1670 823 1743 imperabantur,
857 1673 1031 1742 mutuasque
1063 1669 1132 1728 illas
1165 1685 1201 1726 ex

124 1849 225 1967 thil
258 1848 640 1994 assentiaris
690 1847 1203 1995 itlfitltlstzltistcfi'ltl

125 1981 250 2036 erwahnt
267 1987 318 2038 mrt
335 1984 387 2037 den
399 1984 526 2038 Worten:
547 1999 579 2037 aa
596 1999 639 2038 co-
690 1983 817 2047 Tscrtus;
843 1984 898 2052 eig.
921 1985 990 2038 nach
1013 1984 1087 2038 allon
1109 1985 1203 2040 Seston

122 2048 187 2118 pito
209 2088 266 2103 ...
290 2050 493 2121 imponebam
520 2051 559 2107 sic
582 2067 640 2106 wer
690 2051 738 2106 hin
749 2052 936 2121 rollgcstopft
949 2068 1031 2107 unser
1043 2047 1204 2108 ‘wimmclto

126 2116 202 2197 such
213 2133 266 2172 von
275 2119 381 2188 Appius
397 2119 515 2175 Pulcher
531 2120 561 2175 in
573 2119 639 2175 (hli-
690 2119 759 2173 von'.
777 2149 812 2159 -—
834 2123 943 2188 praem
958 2120 998 2174 im
1018 2124 1203 2190 watarpeca-

125 2201 185 2240 cren
202 2186 341 2256 auferlegt
353 2189 474 2243 worden:
494 2188 588 2243 Cicero
604 2188 639 2242 ad
689 2187 754 2242 sios
775 2188 844 2243 huss
862 2213 895 2233 ·=
913 2187 982 2243 subc
1015 2205 1071 2254 em,
1093 2190 1145 2244 dail
1163 2188 1203 2243 sic

125 2254 189 2309 Att.
204 2260 228 2316 5,
249 2258 289 2321 16,
307 2261 332 2310 2.
361 2257 415 2311 Die
432 2256 531 2311 sweite
543 2257 640 2312 Steuer
690 2255 734 2310 dis
752 2256 1013 2326 ausgcschricbencn
1031 2257 1130 2313 Galder
1147 2256 1203 2312 sin·

125 2321 249 2377 umfaflts
266 2323 491 2380 wahrscheinlich
514 2324 557 2380 die
580 2324 640 2379 hier
690 2324 804 2379 trieben.
822 2324 958 2393 vglniv.
971 2329 1011 2390 10,
1024 2331 1064 2394 30,
1079 2331 1106 2380 1:
1159 2342 1203 2380 ce·

125 2391 350 2447 vorhommcnden
384 2393 555 2448 colammric
583 2394 639 2447 und
691 2395 731 2446 ter
752 2391 888 2463 operam
908 2393 1026 2447 inlotam
1069 2410 1085 2448 o
1154 2393 1203 2448 cio-

125 2458 242 2513 osiicric
267 2460 377 2515 inbuto.
416 2461 500 2517 Beidc
523 2461 639 2517 Steuern
689 2460 771 2515 nibus
788 2477 917 2540 aprorum
941 2460 1012 2540 hosti
1033 2409 1136 2516 Μ.»
1152 2478 1203 2532 pu·

124 2526 233 2581 werden
259 2529 383 2585 erwihnt
406 2546 459 2584 von
484 2530 577 2584 Cicero
604 2530 639 2583 ad
687 2532 804 2599 muctam
815 2532 899 2584 ciram
911 2546 1012 2600 cyreqoc
1023 2534 1069 2584 cst.
1081 2561 1112 2570 —-
1125 2545 1203 2600 proe-

124 2595 189 2649 ism.
201 2601 226 2659 3,
244 2599 268 2663 8,
288 2601 311 2652 5.
324 2627 355 2637 -
374 2601 497 2652 vectarat
511 2594 638 2663 ‘Fuhrcm
688 2597 835 2665 scriptione
856 2622 889 2642 ·=
911 2597 1030 2664 nomiae,
1052 2601 1203 2667 mactata,

125 2661 340 2734 Spanndienste’,
367 2666 419 2720 wie
445 2684 467 2721 c.
495 2671 539 2733 42,
562 2670 586 2721 4.
604 2697 639 2706 -
689 2665 835 2720 Vorwand.

125 2731 201 2785 caius
219 2734 299 2787 modo
316 2733 370 2801 rei,
392 2733 469 2789 nicht
486 2733 639 2788 cuiusmodi
725 2738 748 2786 5.
772 2731 908 2786 universis
931 2731 1035 2796 (Datin)
1060 2732 1101 2785 c‘m
1120 2732 1205 2786 οναὲιῗε

124 2799 176 2853 rei:
194 2800 282 2854 vostr
296 2800 353 2855 sich
371 2816 424 2855 nur
436 2802 639 2870 einigermsllen
689 2798 820 2921 gramis.
838 2799 866 2854 S.
878 2814 914 2852 un
932 2804 957 2863 2,
975 2803 1016 2866 21,
1035 2803 1060 2852 2.
1113 2802 1138 2854 ci
1156 2798 1204 2854 der

124 2867 170 2920 eiu
193 2867 268 2922 Titcl
294 2869 385 2923 finden
411 2869 479 2937 liet,
506 2886 552 2923 um
578 2868 639 2924 eine
707 2867 775 2922 urch
802 2867 846 2921 dis
872 2866 1034 2935 cllgcmsinc
1061 2867 1204 2921 Contribu-

126 2934 224 2989 Steuer
241 2936 341 2990 dmauf
360 2936 442 3004 legen
465 2952 500 2990 nn
523 2938 638 2990 konnen.
690 2934 749 2989 tion
766 2935 973 3003 eingetrstenen
991 2934 1108 2990 Geldnot
1130 2935 1204 3004 sticg

125 3000 180 3055 Cic
209 3018 235 3070 p.
265 3003 363 3057 Flacco
392 3009 435 3068 27,
463 3008 508 3059 64:
599 3019 639 3057 m·
690 3003 738 3057 der
754 3002 876 3057 zinsfus.
896 3033 927 3042 —
950 3003 1132 3072 prolationem
1150 3002 1205 3058 clici

125 3085 208 3137 prom
225 3070 287 3138 qais
302 3070 420 3141 spueret,
439 3072 487 3140 qui
498 3088 541 3125 mo
561 3087 639 3126 oua·
690 3067 742 3126 ‘die
760 3070 971 3140 Verltngsrung
988 3072 1036 3126 der
1053 3071 1204 3142 Zahlungs·

125 3139 401 3260 gmifflimm
417 3156 460 3194 m
481 3139 550 3194 im
571 3139 639 3194 mre
688 3133 822 3262 suatim
847 3208 877 3262 ior
904 3207 1027 3278 capulos
1052 3211 1196 3262 concentus

159 3277 184 3328 3.
212 3291 274 3328 acm
298 3275 413 3344 imperio
443 3275 481 3329 im
509 3279 639 3344 shengen
691 3274 745 3330 sec
762 3275 824 3346 gibt
841 3278 901 3331 eins
919 3276 1137 3332 bescbrhnhcnde
1152 3277 1204 3330 Be·

125 3340 313 3397 Sinnewaren
330 3343 438 3399 nnrdie
451 3342 571 3399 Consuln
583 3346 638 3399 und
689 3343 819 3399 stimmun
870 3360 903 3398 nu
932 3346 992 3399 dem
1021 3344 1203 3414 allgemeiuen

123 3410 271 3465 Praetoren
297 3412 353 3466 und
380 3412 437 3477 die,
463 3412 567 3467 welche
597 3413 638 3467 els
689 3410 793 3467 civibus
839 3414 893 3467 omss
909 3411 967 3467 eius
980 3413 1150 3482 preciosae:
1175 3428 1204 3467 es

123 3478 288 3534 Proconsuln
311 3481 367 3534 und
389 3480 586 3549 Proprsctoren
609 3480 638 3536 in
689 3482 802 3535 wurden
819 3481 916 3535 chenso
933 3482 986 3536 den
1000 3486 1066 3535 rom.
1078 3481 1204 3550 Birgern

123 3546 167 3600 die
179 3546 333 3603 Provinscn
350 3548 493 3618 geschicht
508 3550 637 3604 cdervon
690 3548 916 3604 Contributioncn
953 3548 1105 3617 aufcrlegt,
1139 3548 1204 3602 aher

124 3615 216 3669 diesen
233 3616 275 3670 als
291 3616 351 3672 ihrc
363 3616 566 3672 Stellvertreter
577 3616 638 3672 dort
689 3617 766 3672 nicht
782 3615 814 3670 io
830 3616 941 3686 arpalo
958 3616 1057 3686 capito,
1076 3615 1127 3668 wie
1145 3618 1163 3681 ᾗ
1179 3620 1204 3680 2,

124 3685 353 3754 rurhchgclussen
370 3701 472 3740 waren.
503 3722 505 3727 -
689 3685 804 3739 sondern
817 3685 870 3739 den
882 3684 1020 3739 einzelnen
1029 3683 1204 3739 Gemeiuden.

160 3757 184 3805 4.
201 3752 380 3823 imperiorum
402 3753 447 3807 ihr
468 3769 569 3825 emam,
592 3752 639 3822 qui
688 3783 722 3791 —
739 3755 851 3806 matous
912 3751 985 3806 illas.
1007 3751 1086 3805 Beim
1097 3751 1205 3821 Beginn

125 3820 638 3891 camimperioeroat,dashhstroctum
684 3821 738 3874 :des
755 3820 863 3890 Burger
900 3819 973 3889 'eges
990 3835 1048 3874 war
1059 3819 1204 3888 Pompeius

126 3885 174 3941 lilr
183 3889 232 3944 das
241 3891 639 3956 Concrctumzs.zuc.ll,l.-
691 3905 743 3943 von
761 3888 822 3943 dem
845 3887 929 3943 Senot
951 3887 1117 3958 ermtchtigt
1133 3904 1202 3944 wor-
