2670 4336
137 185 177 242 74
512 183 564 238 DE
581 183 700 239 BELLO
719 182 834 238 01va

132 365 166 420 ut
187 378 276 436 supra
297 359 525 419 demonstratum
548 364 603 428 est,
625 377 689 418 cum
713 363 808 418 essent
827 359 904 417 inter
929 355 1050 416 flumina
1072 356 1146 432 duo,
1171 356 1211 416 Si·

133 447 222 505 corim
245 450 274 504 et
296 444 437 519 Cingam,
459 444 553 519 spatio
576 445 686 504 milium
708 463 783 519 xxx,
811 447 945 502 neutrum
973 443 1076 501 horum
1096 441 1212 501 transiri

94 538 110 587 4
130 535 253 607 poterat,
274 530 493 604 necessarioque
508 548 607 589 omnes
628 529 675 588 his
689 529 831 604 angustiis
846 529 1076 588 continebantur.
1105 528 1210 602 Neque

133 616 276 690 civitates,
307 632 382 689 quae
410 615 447 673 ad
470 614 601 674 (laeseris
627 614 784 674 amicitiam
812 616 1003 688 accesserant,
1032 612 1210 672 trumentum

132 703 315 777 supportare,
342 717 437 774 neque
465 702 504 772 ii,
533 701 584 774 qui
610 700 780 775 pabulatum
808 698 923 773 longius
951 697 1095 774 progressi
1120 703 1211 776 erant,

131 785 277 845 interclusi
299 783 470 845 fluminibus
491 785 609 856 reverti,
631 802 726 859 neque
747 784 867 843 maximi
889 788 1079 858 commeatus,
1101 782 1154 858 qui.
1174 801 1210 842 ex

94 879 109 927 5
131 870 216 930 Italia
232 869 383 945 Galliaque
396 870 560 946 veniebant,
581 869 611 927 in
627 874 720 929 castra
741 870 893 945 pervenire
907 873 1050 943 poterant
1078 869 1208 944 Tempus

131 960 228 1015 autem
251 959 313 1014 erat
334 954 552 1028 difficillimum,
574 972 633 1029 quo
655 972 751 1029 neque
776 953 922 1013 frumenta
943 955 973 1012 in
997 954 1107 1012 acervis
1128 957 1211 1014 erant

130 1059 226 1116 neque
239 1040 363 1099 multum
378 1059 396 1099 a
409 1039 574 1099 maturitate
588 1041 724 1117 aberant,
748 1057 783 1099 ac
797 1038 925 1098 civitates
940 1039 1114 1115 exinanitae,
1130 1038 1210 1114 quod

130 1124 270 1184 Afranius
283 1143 378 1201 paene
391 1144 477 1185 omne
491 1124 669 1184 frumentum
684 1130 752 1184 ante
766 1124 897 1185 Caesaris
915 1124 1071 1183 adventum
1086 1123 1210 1183 Ilerdam

131 1214 319 1285 convexerat,
341 1210 447 1286 reliqui
473 1212 500 1270 si
522 1210 594 1286 quid
614 1209 724 1286 fuerat,
753 1208 858 1269 (laesor
885 1209 1083 1286 superioribus
1109 1208 1211 1268 diebus

94 1304 109 1353 6
132 1300 362 1373 consumpserat,
385 1313 499 1372 pecora,
522 1295 600 1370 quod
621 1295 779 1355 secundum
800 1298 915 1371 poterat
932 1312 994 1354 esse
1008 1294 1125 1370 inopiae
1145 1295 1211 1354 sub

131 1381 254 1457 sidium,
282 1385 400 1457 propter
428 1381 536 1441 bellum
557 1379 701 1440 finitimae
723 1380 853 1439 civitates
883 1379 999 1456 longius
1019 1383 1210 1439 removerant.
1325 1450 1330 1458 Ι

94 1474 109 1522 7
132 1465 191 1538 Qui
213 1471 295 1525 erant
316 1465 474 1542 pabulandi
496 1469 547 1525 aut
567 1464 763 1525 frumentandi
785 1482 873 1524 causa
893 1465 1045 1542 progressi,
1067 1463 1120 1524 hos
1141 1463 1212 1523 levis

132 1554 296 1610 armaturae
316 1552 449 1611 Lusitani
472 1550 614 1627 peritique
636 1568 734 1609 earum
756 1552 908 1626 regionum
935 1549 1053 1610 caetrati
1074 1549 1212 1609 citerioris

132 1635 294 1712 Hispaniae
315 1636 569 1713 consectabantur,
597 1635 702 1710 quibus
723 1640 785 1694 erat
806 1637 935 1710 proclive
956 1641 1071 1694 tranare
1091 1633 1211 1710 flumen,

133 1721 213 1796 quod
235 1721 412 1780 consuetudo
435 1739 535 1781 eorum
556 1721 687 1780 omnium
709 1725 760 1796 eet,
782 1724 815 1779 ut
836 1720 898 1779 sine
911 1719 1024 1779 utribus
1046 1720 1083 1778 ad
1105 1720 1211 1778 exerci-

134 1810 196 1866 tum
218 1824 278 1865 non
301 1810 376 1866 eant.

163 1957 188 2007 3.
210 1955 243 2006 at
263 1967 351 2021 supra
373 1952 589 2006 demonstratam
606 1955 645 2006 cst
696 1951 891 2022 vorigenJahr
908 1952 936 2005 in
953 1951 1057 2005 Mieten
1078 1950 1211 2012 (Diemen)

130 2021 204 2074 kann
221 2036 274 2074 nur
291 2021 342 2073 euf
357 2036 379 2074 c.
392 2025 425 2074 40
437 2037 464 2074 u.
476 2025 509 2074 41
529 2022 644 2074 zuriick·
696 2020 773 2075 mehr
798 2021 847 2084 da,
876 2019 924 2073 das
954 2035 1017 2073 man
1043 2019 1122 2072 hatte
1151 2033 1214 2071 aus·

129 2087 243 2155 weisen,
259 2089 290 2142 in
308 2089 428 2142 welchen
445 2089 521 2143 indes
539 2105 568 2143 so
584 2105 645 2157 spe·
696 2089 826 2143 dreschen
851 2088 971 2154 konnen,
998 2088 1054 2142 und
1077 2087 1126 2140 das
1143 2100 1213 2139 nene

129 2155 209 2210 cielle
237 2158 281 2209 An
301 2157 369 2210 aben
399 2157 476 2211 nicht
504 2157 645 2211 entbalten
696 2173 753 2211 war
770 2155 838 2210 noch
855 2155 932 2210 nicht
949 2155 1010 2210 reif.
1028 2186 1062 2194 -
1075 2154 1134 2208 Der
1145 2153 1211 2208 Satn

129 2223 199 2277 sind.
292 2224 489 2278 ahrscheinlicb
531 2225 645 2293 glanbte
696 2241 728 2279 ac
752 2223 873 2278 civitates
899 2230 951 2278 etc.
974 2223 1012 2278 ist
1034 2223 1111 2278 nicht
1133 2222 1212 2276 Fort-

131 2292 238 2359 Caesar,
256 2291 644 2361 alserdiesewerteschrieb‚
696 2292 1085 2362 setzungdesRelativsctzes,
1096 2291 1212 2345 sondern

129 2375 160 2414 er
188 2359 257 2414 habe
285 2359 380 2413 friiber
407 2361 490 2414 sebon
518 2377 572 2415 von
597 2361 646 2415 der
696 2377 726 2415 er
743 2361 781 2415 ist
794 2360 957 2415 coordiniert
973 2362 1034 2416 dem
1045 2359 1129 2414 Setae
1148 2361 1212 2412 tcm-

129 2427 219 2508 §linga
236 2428 411 2548 gesprochen.
437 2428 555 2496 Mbglich
572 2435 645 2483 wire
695 2445 748 2499 pus
775 2432 834 2483 erat
859 2428 1065 2509 difficillimum.
1090 2458 1121 2466 —
1139 2425 1213 2480 Fre-

127 2495 330 2645 tirtl'lsrtss
344 2501 645 2644 &stilicidii
695 2498 1213 2643 ttttdittldttatttt

129 2631 245 2686 schlresst
268 2648 299 2701 Ja
320 2632 429 2687 frerlrch
451 2633 494 2686 dle
515 2634 578 2688 dort
598 2649 645 2713 an:
695 2634 725 2686 in
734 2635 866 2695 Kbrnerm
875 2633 1016 2700 frumenta
1024 2634 1073 2688 das
1083 2631 1213 2688 Getrerde

128 2701 646 2850 bitilffnlebidslirdlgdl⁸clil
695 2701 932 2850 ²¹¹tf¹5bbtb3
950 2770 998 2824 ee
1016 2770 1136 2849 lete.

129 2837 176 2890 des
195 2837 293 2892 Sicoris
319 2838 377 2906 lag,
403 2854 433 2892 m
451 2838 502 2892 deu
520 2838 578 2892 srch
597 2838 648 2892 anf
730 2845 754 2893 7.
772 2841 886 2892 coctrotc
901 2842 974 2893 ceter.
991 2837 1074 2906 Hesp.
1102 2835 1213 2889 Nacho.

128 2904 271 2959 derselben
287 2905 361 2960 Seite
384 2905 428 2960 die
447 2905 536 2974 Cinga
553 2907 645 2975 ergoli,
697 2911 771 2976 sel
803 2923 895 2961 waren
924 2908 968 2960 die
998 2905 1137 2961 Cohorten
1165 2904 1213 2957 des

128 2972 173 3026 die
196 2973 255 3026 hier
272 2975 410 3043 gegebene
427 2974 509 3028 Notis
528 2991 580 3028 von
598 2976 646 3028 der
696 2975 873 3043 diesseitigen
921 2974 1041 3044 Spenien
1083 2974 1213 3026 scutatae.

129 3040 207 3107 Lege
224 3040 358 3094 awischen
376 3041 472 3095 beiden
484 3042 599 3097 Fldssen
616 3043 646 3097 in
696 3046 752 3099 Das
770 3041 886 3098 schliesst
903 3044 967 3098 aber
984 3043 1061 3096 nicht
1079 3056 1141 3106 aus,
1159 3037 1213 3093 dell

128 3106 206 3165 sich-l
217 3108 349 3176 —opatt'o
360 3108 468 3163 milium
481 3109 581 3163 XXX:
597 3111 647 3166 das
696 3113 767 3167 euch
789 3111 879 3181 einige
897 3111 1026 3165 Soldeten
1043 3110 1131 3164 dieser
1149 3108 1213 3162 Pro·

128 3175 205 3228 Lend
217 3176 352 3229 zwischen
363 3177 415 3230 den
427 3177 524 3232 beiden
533 3178 647 3234 Fltissen
696 3182 759 3235 virm
777 3179 862 3234 leicht
879 3179 1024 3233 bewaffnet
1041 3192 1134 3232 waren
1150 3177 1214 3229 oder

129 3259 188 3297 wer
205 3247 238 3296 45
257 3243 408 3299 Kilometer
425 3245 504 3299 breit.
695 3249 741 3303 fiir
757 3249 850 3303 diesen
862 3248 958 3302 Zweclr
970 3247 1053 3302 leicht
1069 3243 1214 3299 bewaffnet

164 3317 188 3366 4.
207 3315 370 3366 commeatus
381 3337 413 3356 =
425 3313 541 3379 Zufuhr,
557 3313 645 3368 Nach-
696 3318 822 3381 wurden;
840 3317 910 3371 denn
927 3316 1023 3371 hieran
1035 3328 1127 3369 waren
1138 3311 1214 3367 Orts·

131 3380 215 3434 scbnb
250 3397 285 3434 en
314 3381 545 3449 LebensmitteIn,
579 3383 645 3436 Pro·
695 3385 781 3440 kundi
803 3385 1009 3440 cerlorderlicb
1025 3382 1080 3438 und
1092 3379 1215 3436 Schuet-

129 3447 326 3504 viantcolonne.
353 3479 387 3490 -
410 3449 569 3515 veniebant,
592 3450 644 3505 wie
694 3454 772 3508 bewe
793 3458 855 3508 nete
872 3454 949 3508 nicht
966 3470 1002 3507 au
1019 3449 1163 3507 brauchen.
1178 3475 1210 3487 v<

129 3533 152 3570 c.
165 3521 206 3583 bl,
221 3521 234 3571 1
252 3517 306 3572 iter
322 3517 465 3585 trabebant,
486 3525 644 3588 unterwegs
694 3523 754 3577 stoc
770 3521 892 3587 utribus,
919 3522 970 3577 auf
984 3521 1072 3575 denen
1088 3517 1129 3573 sie
1146 3516 1214 3570 tiber

132 3601 232 3640 waren.
697 3591 741 3645 die
754 3590 850 3645 Fliisse
866 3595 968 3645 setaen.
998 3589 1112 3655 bivar,
1129 3589 1172 3650 27,
1185 3589 1212 3639 b:

166 3653 646 3735 b.difficillimumzsehrungtinstig.
697 3658 822 3737 Hispani
845 3658 904 3712 siae
929 3659 989 3712 alla
1005 3657 1076 3711 mols
1091 3655 1124 3709 io
1140 3656 1215 3731 utres

130 3754 164 3763 -
186 3724 218 3777 io
240 3723 355 3778 acervis:
383 3723 410 3777 S.
428 3724 552 3792 Anhang.
592 3724 646 3778 Due
697 3725 865 3781 vesbmeotr's
890 3725 1015 3781 coelectis
1039 3725 1095 3794 ipsi
1116 3724 1215 3776 coemes

129 3791 285 3846 Jahresaeit
309 3808 368 3846 war
393 3792 455 3846 sehr
479 3791 646 3872 nnglinstig;
697 3795 876 3864 superpositis
914 3794 1075 3848 temtantes
1112 3789 1215 3858 flumen

130 3860 202 3913 denn
228 3876 257 3915 es
281 3875 336 3914 war
357 3859 422 3914 kein
439 3859 566 3916 Getrerde
585 3876 646 3914 vom
698 3866 852 3928 mansuem
870 3868 912 3931 47,
931 3869 960 3918 5:
986 3864 1019 3916 ut
1034 3860 1092 3915 tam
1109 3857 1215 3928 Hispa-
