2670 4336
194 145 257 204 294
573 148 623 202 DE
639 145 756 202 BELLO
774 144 889 202 CIVILI

283 315 361 386 108.
385 322 455 382 Erat
481 323 512 382 in
539 324 739 401 procuratione
766 323 847 400 regni
879 328 997 400 propter
1028 328 1151 383 aetatem
1185 324 1270 400 pueri

195 407 334 467 nuhieius
350 409 420 485 eius,
442 409 590 469 eunuchus
604 412 722 471 nomine
736 409 885 470 Pothinus.
913 409 942 468 ls
963 408 1087 482 primum
1102 410 1178 468 inter
1199 427 1271 469 suos

93 510 95 516 ’
194 492 275 567 queri
297 497 384 568 atque
397 493 543 569 indignari
557 495 652 571 coepit
672 513 769 572 regem
785 494 823 554 ad
837 512 953 555 eausam
974 493 1122 554 dicendam
1137 494 1267 571 evocari3

157 589 172 637 2
194 577 297 638 deinde
326 577 469 639 adiutores
500 580 640 655 quosdam
669 580 777 640 consilii
804 581 849 639 sui
879 585 980 640 nactus
1001 598 1039 639 ex
1067 581 1144 656 regis
1166 579 1268 639 amieis

194 664 350 725 exercitum
372 682 390 723 a
413 664 526 724 Pelusio
555 666 628 724 alam
650 665 854 725 Alexandriam
877 665 1008 725 evocavit
1028 669 1116 740 atque
1142 664 1265 724 eundem

193 749 344 827 Achillam,
360 751 442 809 euius
456 767 544 826 supra
554 751 744 828 meminimus,
760 750 895 811 omnibus
910 751 999 827 copiis
1009 750 1154 827 praefecit.
1180 751 1271 809 Hunc

195 835 345 895 incitatum
374 834 433 894 suis
461 838 490 894 et
511 836 586 913 regis
615 834 773 912 [inflatum]
801 835 1070 913 pollicitationibus,
1099 853 1173 910 quae
1202 834 1268 895 fieri

156 927 171 976 3
193 919 287 997 vellet,
308 920 409 981 litteris
424 920 589 997 nuntiisque
603 922 725 982 edocuit.
761 921 795 979 In
817 925 987 981 testamento
1003 921 1162 980 Ptolomaei
1176 921 1270 996 patris

193 1005 311 1065 heredes
333 1009 415 1066 erant
428 1007 527 1082 scripti
541 1025 578 1066 ex
591 1007 706 1067 duobus
720 1004 788 1065 filiis
802 1006 894 1066 maior
915 1011 944 1065 et
958 1023 994 1065 ex
1015 1006 1130 1066 duabus
1151 1004 1270 1065 filiabus

193 1108 236 1167 ea,
259 1108 333 1165 quae
354 1094 449 1150 aetate
470 1092 666 1153 antecedebat.
703 1092 785 1151 Haec
805 1093 849 1151 uti
870 1091 981 1168 fierent,
1001 1109 1054 1167 per
1075 1109 1175 1151 omnes
1198 1089 1270 1150 deos

193 1193 303 1253 perque
323 1173 455 1248 foedera,
478 1195 553 1252 quae
575 1178 684 1236 Romae
706 1176 830 1253 iecisset,
852 1176 953 1236 eodem
976 1181 1146 1236 testamento
1169 1175 1266 1236 Ptolo·

156 1270 171 1319 4
193 1279 293 1320 maeus
306 1261 447 1337 populum
459 1263 622 1322 Romanum
638 1261 844 1323 obtestabatur.
867 1262 999 1322 Tabulae
1013 1261 1176 1322 testamenti
1190 1278 1270 1321 unae

193 1365 245 1424 per
265 1347 377 1423 legatos
398 1344 459 1406 eius
474 1348 596 1407 Romam
618 1351 700 1408 erant
721 1346 842 1423 adlatae,
864 1352 897 1407 ut
914 1347 944 1405 in
959 1348 1068 1408 aerario
1090 1351 1271 1424 ponerentur

194 1432 253 1506 (hie
281 1450 346 1492 cum
361 1436 494 1509 ¹propter
520 1433 650 1509 publicas
678 1433 881 1509 occupationes
913 1433 985 1507 poni
1010 1451 1069 1493 non
1097 1432 1268 1509 potuissent,

193 1516 272 1594 apud
288 1516 458 1593 Pompeium
480 1522 549 1577 sunt
570 1517 737 1596 depositae),
759 1518 866 1577 alterae
880 1517 980 1577 eodem
996 1518 1126 1594 exemplo
1149 1517 1267 1576 relictae

193 1610 281 1677 atque
304 1601 475 1678 obsignatae
494 1603 686 1663 Alexandriae
707 1602 937 1680 proferebantur.

264 1679 356 1749 109.
378 1686 425 1746 De
451 1687 495 1747 his
522 1688 610 1748 rebus
636 1706 701 1748 cum
726 1693 860 1765 ageretur
892 1688 970 1765 apud
1000 1686 1150 1747 Caesarem
1182 1688 1270 1761 isque

193 1772 319 1832 maxime
343 1771 430 1832 vellet
450 1791 503 1848 pro
526 1774 672 1834 communi
697 1774 788 1834 amico
814 1779 903 1849 atque
929 1772 1036 1832 arbitro
1059 1771 1270 1832 conhoversias

107 1870 110 1875 ’
192 1876 295 1934 regum
317 1875 502 1934 componere,
529 1860 626 1919 subito
655 1859 795 1919 exercitus
821 1859 917 1935 regius
943 1857 1145 1933 equitatusque
1171 1858 1268 1916 omnis

156 1952 170 2001 2
191 1943 289 2003 venire
303 1943 507 2003 Alexandriam
522 1944 679 2005 nuntiatur.
706 1943 835 2005 (laeseris
856 1944 956 2021 copiae
977 1960 1161 2018 nequaquam
1184 1946 1271 2003 erant

194 2124 278 2178 durch
300 2124 380 2179 einen
403 2123 617 2181 Volhsheschluh
641 2125 704 2192 (lex)
756 2126 788 2180 ira
813 2125 929 2180 aerario.
972 2124 1028 2178 Das
1057 2121 1200 2187 aerarium,
1231 2121 1272 2176 im

193 2192 369 2247 erforderlieh
381 2194 546 2261 (Mommsen,
559 2193 651 2248 RStR.
664 2193 705 2247 lll
756 2199 811 2249 tem
831 2195 889 2249 lum
907 2191 1020 2249 Saturni
1036 2197 1065 2246 et
1084 2190 1158 2259 Opis,
1176 2190 1272 2244 diente

195 2264 259 2314 1172
278 2261 312 2314 A.
329 2266 363 2326 4).
756 2211 885 2332 aughich
914 2262 954 2316 als
984 2259 1103 2321 Arabim
1138 2257 1274 2339 wichtige

226 2328 285 2382 108.
315 2334 338 2382 1.
356 2329 387 2382 ira
403 2329 607 2397 procuratione:
630 2346 651 2384 s.
669 2346 705 2384 2ιι
756 2331 945 2386 Actensttlolre
957 2329 1059 2398 pflegte
1068 2325 1272 2383 manhreranf·

192 2413 214 2449 c.
234 2400 292 2463 104,
312 2399 502 2465 1.-proptar
519 2401 648 2452 aetatem:
669 2414 705 2476 zu
755 2399 941 2477 anhewahren.
963 2399 1129 2520 <diff
1142 2394 1273 2517 pullique

192 2480 214 2518 e.
234 2468 291 2529 103,
310 2468 333 2517 2.
356 2494 390 2503 -
412 2481 501 2534 repam
518 2505 525 2519 .
543 2509 549 2520 .
566 2504 575 2521 .
592 2481 704 2520 evocari
756 2470 951 2536 occupatorem,
985 2466 1029 2520 dre
1089 2479 1141 2518 nru
1160 2479 1194 2518 en
1229 2479 1269 2518 rm

192 2531 261 2587 ilinc
283 2532 373 2588 solche
390 2532 530 2588 Varladnn
568 2532 704 2600 (avocatia)
756 2534 861 2589 Staate.
899 2534 964 2590 Vl.
982 2550 1004 2587 a
1023 2537 1065 2600 22,
1082 2538 1107 2586 4.
1125 2562 1160 2571 -
1176 2530 1271 2586 codam

192 2617 250 2655 war
267 2607 343 2656 sonst
359 2617 412 2656 nur
428 2618 463 2671 ge
484 2618 519 2656 en
559 2607 705 2656 ntentanen
756 2602 886 2725 carradata.
972 2602 1092 2670 arreptum
1115 2600 1271 2680 litterarum

192 2668 283 2723 tblich
292 2670 458 2736 (Mommsen,
493 2671 704 2734 summanr).
756 2670 795 2725 ist
842 2688 872 2726 as
902 2671 1022 2739 concept
1051 2670 1124 2724 eines
1153 2667 1271 2733 Brretes,

192 2737 327 2793 Pothinus
349 2739 428 2794 hatte
450 2740 533 2794 daher
551 2739 646 2794 Grund
669 2753 704 2793 nu
755 2756 780 2793 2.
798 2739 830 2794 Β.
849 2739 903 2795 Oia.
922 2739 956 2793 ad
973 2739 1038 2793 fam.
1051 2743 1075 2802 9,
1088 2742 1129 2805 26,
1144 2742 1171 2791 1:
1190 2751 1269 2790 acau-

192 2806 240 2860 der
269 2806 467 2877 Beihrchtung,
495 2807 596 2864 Caesar
624 2807 704 2862 wolle
756 2808 869 2863 baar-am
895 2807 963 2862 bora
988 2823 1071 2875 rora,
1097 2821 1157 2860 eam
1183 2803 1221 2858 ad
1244 2807 1271 2858 te

192 2875 253 2930 dem
270 2875 362 2931 Lande
379 2876 453 2932 scine
470 2875 705 2946 Sclhstltndiglreit
756 2875 855 2931 baram
890 2875 1042 2944 exemplam
1075 2873 1107 2928 ia
1139 2871 1271 2927 codicillis

192 2942 343 2998 cntziehen.
756 2939 1271 3010 caerari,oderaucheineAbsahrift,

227 3015 251 3064 2.
263 3011 437 3067 meminimus
453 3008 586 3068 ‘erwthnt
598 3012 703 3080 haben’,
756 3030 780 3067 2.
797 3014 830 3067 Β.
848 3012 904 3067 Cic.
922 3012 957 3066 ad
975 3012 1039 3067 iam.
1052 3015 1077 3076 6,
1089 3013 1113 3076 8,
1126 3014 1155 3064 3;
1173 3025 1271 3064 aarum

192 3079 279 3133 findet
303 3079 360 3133 sich
383 3081 411 3135 in
433 3081 521 3136 dieser
539 3081 682 3136 Bedeutun
756 3081 909 3136 litterariam
926 3081 1078 3149 cuempiam
1092 3077 1172 3147 infra
1184 3076 1270 3146 aerip-

193 3153 268 3227 scnst
280 3146 357 3226 nicht
369 3149 412 3203 hei
424 3150 532 3215 Caesar,
550 3149 620 3228 auch
632 3097 705 3203 wohh
756 3153 814 3204 bam
832 3154 884 3214 cat;
907 3151 942 3205 ad
959 3149 1020 3204 hta
1039 3151 1063 3214 8,
1081 3151 1106 3216 6,
1127 3152 1155 3226 1,
1180 3150 1221 3212 11,
1239 3149 1271 3224 β,

192 3214 268 3269 maht
297 3215 341 3269 ber
370 3217 471 3271 Cicero.
500 3249 534 3258 -
564 3233 631 3283 aaa,
657 3218 704 3272 des
757 3222 797 3284 12,
819 3222 847 3283 6;
876 3223 916 3285 15,
945 3223 960 3272 3
984 3234 1051 3272 usw.
1101 3215 1193 3270 Barcae
1224 3214 1270 3268 lat·

191 3282 335 3337 Pothinus.
756 3289 828 3340 terac
854 3286 946 3341 cadem
972 3303 1045 3341 encra
1068 3285 1092 3339 lo
1115 3283 1175 3338 sind
1198 3282 1270 3336 awei

227 3357 252 3405 3.
270 3369 303 3405 cra
320 3351 425 3406 dachar
442 3351 522 3419 filiia:
541 3352 588 3407 der
606 3352 704 3407 andere
754 3353 848 3408 Briete
874 3354 1014 3409 desselben
1072 3353 1155 3417 halts,
1180 3351 1269 3405 denen

192 3420 263 3474 Sohn
275 3436 333 3474 war
342 3419 515 3474 Ptolomaeus
525 3419 703 3489 derjiingere,
756 3422 878 3476 desselbe
891 3422 978 3477 Conco
997 3428 1011 3476 t
1028 3421 1169 3490 augrunde
1181 3419 1253 3487 liegt
1261 3437 1271 3480 5

192 3487 236 3542 die
255 3489 353 3543 andere
371 3486 631 3574 Tochter‘Arsinoe.
756 3506 780 3543 2.
792 3490 824 3544 Β.
844 3489 952 3568 (11221
970 3439 1033 3545 gam.
1048 3494 1088 3554 10,
1102 3493 1168 3555 a,1:
1187 3486 1268 3541 brae

226 3562 250 3611 4.
265 3556 487 3611 fabrateriam
503 3552 702 3625 einllxemplar’
756 3576 774 3613 a
786 3560 810 3612 te
822 3573 913 3628 accepi
925 3557 1030 3612 litterae
1038 3559 1129 3612 codem
1138 3554 1270 3624 exemplo.

192 3626 238 3680 des
256 3625 443 3690 Testaments;
468 3631 543 3681 senst
564 3624 642 3680 heiht
659 3625 703 3680 ein
789 3627 848 3682 109.
868 3631 890 3680 1.
907 3643 967 3696 pro
985 3624 1215 3681 communiamico
1227 3626 1270 3677 at·

191 3693 470 3748 Testamenttabalac
481 3695 704 3766 capremaeoder,
756 3711 806 3763 qaae
824 3694 941 3750 arbitro:
955 3689 1031 3750 ‘als'.
1060 3695 1087 3749 S.
1104 3710 1139 3749 au
1157 3698 1181 3759 2,
1200 3695 1225 3757 8,
1245 3697 1269 3746 1.

192 3778 271 3817 wenn
293 3762 358 3818 hein
380 3761 609 3818 llissverstltndnis
627 3768 702 3832 mtg·
753 3793 788 3802 -
805 3763 895 3818 venire
912 3763 1112 3820 Alexandriam
1123 3778 1176 3817 von
1187 3760 1270 3815 Pelu-

192 3830 245 3884 liah
271 3830 317 3897 ist,
345 3831 414 3885 auch
441 3829 503 3886 hloss
530 3831 647 3886 tabulae.
667 3861 701 3871 —
754 3831 824 3886 sium
842 3849 864 3887 c.
884 3837 940 3902 103,
961 3839 983 3889 1.
1002 3837 1016 3886 2
1035 3848 1062 3887 ιι.
1082 3834 1138 3897 108,
1157 3835 1182 3884 2.
