2670 4336
578 187 600 242 Ι.
619 191 662 244 2⁶.
673 191 715 242 26.
1148 189 1188 247 47

110 363 341 437 administrabat,
362 367 395 421 ut
417 361 597 423 eondioiones
618 363 699 438 paois
720 361 904 421 dimittendas
917 379 977 421 nou
999 361 1189 441 existimaret3

110 467 145 509 ao
158 449 274 509 tametsi
288 465 466 524 magnopere
488 446 685 507 admirabatur
698 446 836 522 Magium,
857 463 944 522 quem
958 446 997 506 ad
1018 448 1190 523 Pompeium

110 552 176 594 oum
198 533 342 593 mandatis
363 534 493 608 miserat,
521 531 559 591 ad
585 550 617 592 se
638 550 697 591 non
718 531 838 607 remitti,
865 538 954 608 atque
981 550 1017 592 ea
1037 549 1083 593 res
1103 550 1191 609 saepe

110 623 253 693 temptata
274 617 327 678 etsi
348 618 474 694 impetus
496 617 558 677 eius
579 617 755 692 consiliaque
772 616 914 693 mdabat,
936 623 1032 678 tamen
1055 619 1191 678 omnibus

110 705 197 764 rebus
218 703 248 762 in
271 721 305 763 eo
326 703 569 779 perseverandum
592 703 724 779 putabat.
754 701 858 777 ltaque
880 701 1033 763 Caninium
1058 703 1191 763 Rebilum
1212 715 1227 765 3

110 790 248 865 legatum,
268 787 440 847 familiarem
461 788 711 863 necessariumque
733 787 873 847 Scribonii
894 787 1025 863 Libonis,
1046 787 1133 848 mittit
1153 788 1191 847 ad

111 893 178 934 eum
200 872 346 949 oonloquii
367 891 463 933 eausa.
493 873 621 948 Mandat,
642 878 676 932 ut
697 872 839 933 Libonem
861 873 898 932 do
919 873 1098 933 oonoilianda
1118 891 1190 950 paee

110 959 253 1036 hortetur,
276 958 426 1034 imprimis,
441 963 474 1019 ut
488 958 551 1034 ipse
565 976 630 1018 oum
646 957 784 1034 Pompeio
799 958 1027 1033 conloquuntur,
1048 960 1188 1034 postulat:

110 1061 287 1120 magnopere
313 1061 377 1104 sese
405 1041 551 1104 oonfrdere
577 1042 768 1115 demonstrat,
797 1042 821 1102 si
848 1043 910 1103 eins
939 1043 980 1103 rei
1006 1042 1044 1102 sit
1064 1049 1228 1118 potestant

111 1129 204 1206 faeta,
225 1127 303 1204 fore,
324 1132 358 1187 ut
379 1129 479 1204 aequis
501 1128 715 1189 eondioionibns
736 1129 774 1187 ab
796 1128 882 1186 armis
904 1128 1080 1205 diseedatur3
1110 1129 1191 1189 ouius

112 1215 155 1275 rei
176 1230 311 1288 magnam
334 1219 446 1290 partem
467 1210 562 1274 laudis
580 1218 669 1289 atque
682 1212 900 1273 existimationis
915 1213 952 1272 ad
966 1213 1107 1272 libonem
1129 1232 1191 1289 per-

112 1303 280 1374 venturam,
305 1298 329 1358 si
350 1299 399 1359 illo
420 1303 538 1359 auctore
559 1305 647 1373 atque
668 1302 773 1374 agente
795 1299 832 1358 ab
855 1301 943 1358 armis
968 1298 1005 1357 sit
1027 1297 1191 1360 discessum.

113 1382 185 1443 Libo
208 1402 226 1442 a
248 1385 401 1459 conloquio
425 1383 536 1443 Caninii
566 1384 710 1461 digressus
731 1383 769 1442 ad
791 1382 961 1457 Pompeium
990 1381 1190 1458 proiioisoitur.
1213 1395 1229 1444 t

113 1469 204 1529 Paulo
226 1475 293 1544 post
313 1471 467 1547 renuntiat,
490 1470 568 1545 quod
590 1469 721 1530 eonsules
742 1469 847 1542 absint,
868 1468 930 1528 sine
950 1468 1005 1527 illis
1026 1486 1085 1527 nou
1106 1486 1192 1546 posse

112 1686 275 1753 potaeque
299 1686 432 1754 reqooret.
462 1683 562 1739 Caesar
585 1684 628 1738 be·
675 1688 744 1750 5,l;
763 1687 805 1748 25,
823 1688 854 1745 ι;
872 1687 896 1749 3,
910 1686 1190 1749 23,1;63,8ιι.ι.ιι.

113 1758 217 1820 geguet
225 1753 286 1807 dem
295 1752 431 1817 Vorwurf,
441 1750 494 1805 dass
504 1767 533 1805 er
542 1751 627 1805 durch
675 1752 702 1807 S.
720 1767 756 1805 zu
774 1768 796 1805 ο.
815 1754 857 1816 84,
876 1755 888 1804 1
908 1768 935 1805 u.
953 1755 978 1816 2,
995 1755 1038 1817 22,
1057 1755 1080 1805 1.

112 1819 187 1874 seine
216 1819 397 1887 Operationen
431 1820 484 1873 den
512 1819 628 1874 Frieden
708 1825 732 1873 3.
753 1818 901 1873 Caninium
918 1818 1047 1873 Rebilum
1064 1819 1103 1873 im
1119 1820 1144 1874 J.
1158 1823 1190 1873 32

112 1887 269 1954 unmoglich
287 1887 415 1955 gemacht
432 1887 509 1940 habe.
527 1918 563 1928 -
579 1886 628 1940 ad·
675 1887 764 1954 Legat
783 1887 897 1941 Caesare
914 1886 944 1940 in
961 1887 1079 1952 Gallien,
1096 1903 1117 1940 ι.
1136 1887 1189 1941 VH

112 1954 270 2009 mirabatur
286 1969 315 2008 es
334 1954 396 2008 sehr
408 1953 564 2021 antiallend,
583 1955 628 2008 be·
675 1958 707 2007 83
726 1969 753 2007 u.
772 1958 805 2008 90
831 1954 887 2007 und
913 1970 948 2007 an
975 1954 1065 2008 vielen
1087 1953 1191 2009 Stellen

112 2023 253 2078 fremdend
264 2021 339 2087 fand,
356 2020 407 2075 wie
422 2026 446 2087 3,
459 2024 500 2088 86,
513 2025 541 2090 23
559 2021 626 2088 114,
675 2023 721 2076 dee
740 2024 764 2075 8.
782 2021 881 2075 Buohe.
916 2021 943 2077 V
963 2020 982 2076 l.
1000 2029 1086 2076 nnten
1105 2027 1129 2087 2,
1148 2026 1190 2076 24.

112 2088 478 2160 4;17142,3.-Μα9ιίιιιι
497 2130 528 2143 ..
547 2105 629 2144 ,ιιοιι
675 2093 717 2144 34.
735 2087 919 2143 -Seribonia‘
962 2089 1004 2156 '.,
1021 2090 1067 2144 ein
1084 2090 1191 2160 tdtiger

111 2158 223 2214 remitti.
267 2159 300 2212 In
326 2157 415 2213 einem
441 2156 534 2212 Briefe
560 2157 627 2216 tCio.
674 2157 829 2226 Anhtuger
851 2157 898 2211 des
915 2157 1075 2226 Pompeius,
1097 2164 1191 2281 Ἓῆιοι

113 2229 147 2282 ad
163 2228 225 2282 htt.
243 2231 266 2294 9,
288 2231 318 2281 13
330 2227 364 2292 h,
384 2231 408 2290 1)
425 2225 544 2281 schreibt
562 2225 627 2280 an-
675 2225 781 2281 Sohwie
802 2231 911 2281 ervater
936 2226 983 2281 des
1011 2225 1085 2282 Sext.
1135 2244 1191 2281 om·

112 2312 169 2350 sar:
187 2294 334 2374 Pompeios
351 2334 359 2349 .
377 2334 384 2349 .
402 2333 409 2348 .
426 2293 522 2349 misit
537 2294 628 2350 adme
674 2294 760 2363 peius.
815 2293 854 2362 gl.
867 2299 891 2359 3,
905 2299 929 2359 5,
948 2299 1058 2350 15-18.
1076 2295 1135 2350 23i.
1148 2299 1190 2350 91).

113 2363 148 2419 N.
166 2362 318 2434 Moesum
336 2364 368 2418 de
383 2380 463 2444 poce:
482 2379 552 2432 quoe
567 2362 628 2417 oiaa
676 2367 733 2417 100.
743 2393 776 2403 -
788 2360 885 2432 stipae
896 2363 1013 2429 (Caesar,
1025 2364 1101 2418 nieht
1112 2363 1191 2428 Libo)

111 2435 178 2487 auat
191 2431 329 2502 respondi.
357 2432 455 2487 Dreser
471 2431 629 2486 soheiubare
674 2432 885 2500 coabqueretar,
893 2431 1029 2500 postolat:
1042 2433 1129 2486 dener
1138 2431 1192 2485 mit

114 2501 308 2569 Widersprnoh
331 2499 391 2554 ltsst
412 2500 469 2555 sich
492 2516 521 2554 ιο
544 2499 628 2555 besei·
674 2499 1075 2580 Pompeiusspreohendhrfe.
1102 2500 1191 2554 Eheu-

114 2569 204 2639 tigeu:
229 2568 330 2623 Caesar
351 2569 434 2649 nehus
451 2567 560 2650 Magius
571 2583 628 2648 nge·
675 2585 704 2623 so
717 2567 772 2646 ⁰.¹⁰·
784 2569 892 2646 obest.
906 2573 955 2623 69:
974 2571 1007 2648 ut
1022 2569 1055 2623 de
1072 2586 1114 2623 me
1131 2584 1191 2623 aeo-

114 2637 291 2787 hraut,
306 2635 629 2786 restituas
676 2636 1193 2758 toattaotethhur

160 2790 192 2829 us
221 2773 267 2828 fiir
296 2773 348 2827 deu
376 2773 493 2827 Fmeden
522 2773 628 2826 wrrken
675 2772 728 2826 den
745 2771 981 2838 Tempusweohsel
998 2771 1119 2825 hortetur
1137 2809 1144 2824 .
1162 2809 1189 2824 ..

134 2847 203 2897 bnne
225 2842 280 2896 und
302 2840 355 2895 dass
372 2857 402 2896 er
420 2840 541 2906 (Caesar)
560 2855 629 2908 geru
676 2839 881 2908 obloqueretur
898 2838 1012 2902 betrifft,
1034 2854 1062 2891 ιο
1086 2839 1191 2892 kommt

114 2909 201 2964 hereit
219 2909 267 2973 sei,
283 2908 428 2976 Pompeius
445 2909 489 2964 die
501 2909 581 2962 Hand
593 2923 629 2961 nn
675 2908 723 2960 der
745 2906 815 2961 naoh
838 2905 924 2959 einem
946 2906 1037 2959 Praes.
1063 2904 1127 2959 hist
1145 2905 1190 2960 bei

114 2977 214 3031 bieten.
248 2975 284 3038 (S.
302 2992 337 3029 nn
355 2992 376 3029 o.
396 2980 438 3041 24,
454 2979 490 3040 4.)
519 2974 629 3043 Magius
677 2974 778 3030 Caesar
804 2973 946 3027 bisweilen
964 2989 1026 3040 vor,
1048 2988 1129 3027 wenn
1145 2973 1191 3027 ein

116 3043 195 3098 teilte
221 3042 279 3097 dies
308 3043 369 3096 dem
395 3043 539 3112 Pompeius
568 3042 628 3096 mit.
675 3058 759 3097 neues
790 3041 962 3109 regierendes
988 3041 1108 3096 Verbum
1135 3042 1191 3096 ein·

107 3112 171 3171 Der
191 3110 256 3165 aber
280 3111 388 3165 maohte
414 3111 499 3165 durch
520 3110 628 3178 Magius
676 3112 748 3166 tritt.
784 3109 840 3174 17,
858 3113 882 3162 3.

114 3179 313 3249 ungeuhgende
330 3178 443 3234 Vorsehl
482 3195 511 3248 e,
530 3178 629 3234 Caesar
710 3182 734 3232 4.
761 3175 984 3231 eoebttmottooia:
1010 3193 1032 3231 o.
1056 3183 1084 3246 7,
1108 3183 1132 3231 6.
1156 3207 1191 3216 -

115 3253 280 3304 antwortete
301 3247 402 3302 darauf
416 3263 454 3301 nu
490 3264 546 3302 nun
564 3248 628 3301 ham
675 3249 784 3301 auctore
800 3248 832 3300 ot
850 3263 884 3299 ue
902 3248 1008 3316 oqeote:
1032 3246 1116 3300 duroh
1133 3246 1191 3300 Rat

114 3318 222 3388 Magius
245 3316 324 3372 nieht
343 3315 452 3371 wieder.
476 3346 511 3355 —
533 3333 565 3376 eo
586 3330 631 3369 rea
675 3315 730 3369 und
749 3315 812 3394 Tot.
871 3316 956 3369 tund
974 3313 1190 3384 tatigehiitwir·

114 3383 628 3533 stritthtgrihtigtttit
675 3382 1190 3520 3333333133

114 3523 197 3577 -t'm
217 3520 629 3594 etoooastboqueetatkrtttrge
672 3521 733 3574 Att.
751 3524 777 3585 3,
796 3524 825 3574 2:
844 3520 916 3574 boae
999 3521 1115 3573 actorem
1127 3533 1190 3571 ouo·

115 3539 377 3660 Entsobliefluugen,
441 3589 633 3646 entsehiedene
672 3591 809 3658 toremqoe
818 3588 962 3643 testebant.
990 3586 1190 3665 Dasdubstan-

115 3659 322 3728 Metiregeln.—
336 3657 565 3713 omuibuarebus:
584 3656 635 3712 auf
672 3657 760 3712 tivum
788 3659 864 3711 actor
889 3657 995 3710 hommt
1021 3656 1065 3710 bel
1090 3653 1191 3709 Caesar

115 3727 168 3782 alle
191 3727 326 3796 mbgliohe
343 3727 448 3792 Weiss,
471 3727 523 3795 eig.
548 3726 633 3780 durch
671 3725 750 3780 nicht
768 3740 824 3779 vor.

115 3795 169 3850 alle
195 3796 265 3849 dano
287 3794 502 3858 ,erforderliehen
530 3794 633 3862 Dinge.
708 3789 1188 3847 5.siaettlianaohdrtioklioheWie-

114 3854 633 3932 4111ιιι11ο1ιο.13,1;49,1;2,2,1;
672 3859 824 3928 derholnng
850 3859 897 3914 des
920 3859 1002 3914 sehon
1024 3858 1053 3913 in
1070 3858 1143 3928 qood
1161 3899 1188 3913 ..
