2626 4304
564 181 613 236 ΠΙ.
632 184 743 235 94-96.
1137 179 1198 238 2⁷9

124 356 247 415 auxiliis.
281 358 358 416 Nam
381 358 430 434 qui
444 375 482 418 ex
497 357 558 417 aeie
578 354 746 432 refugerant
760 356 874 431 milites,
897 359 926 415 et
939 356 1038 414 anime
1059 354 1201 430 perterriti
1220 362 1236 413 3

123 446 152 501 et
165 441 335 502 lassitudine
347 442 478 520 uenienti,
493 441 615 502 dimissis
629 440 759 518 plerique
769 441 856 501 armis
866 439 1016 516 signisque
1030 438 1200 499 militaribus

124 527 217 602 magis
240 527 276 586 de
290 528 401 603 reliqua
422 526 495 604 fuga
515 545 604 603 quam
620 527 656 586 de
672 530 829 586 eastrerum
845 524 1011 585 defensione
1025 523 1200 600 eogitabant.

123 613 227 687 Neque
260 630 329 672 vero
365 613 473 673 diutius
513 613 563 688 qui
592 614 623 671 in
654 611 730 671 valle
764 611 950 671 eonstiterant
987 608 1237 669 multitudinemt

121 697 243 757 telemm
281 700 422 759 sustinere
457 702 629 776 potnerunt,
665 697 716 756 sed
748 695 870 757 eenieeti
901 695 1068 754 vulneribus
1104 695 1199 754 leeum

121 782 307 858 reliquerunt,
321 783 511 860 protinusque
525 800 625 843 omnes
640 782 762 842 dueibus
777 781 822 842 usi
835 780 1051 842 eenturienibus
1065 780 1200 840 tribunis

121 885 178 942 que
208 867 331 927 militum
361 869 391 927 in
420 869 572 928 altissimos
593 872 719 944 mentes,
746 867 796 942 qui
826 866 863 926 ad
890 870 983 926 eastra
1007 865 1200 942 pertinebant,

122 950 323 1028 eenfugerunt.

204 1031 259 1099 96.
283 1039 317 1097 In
330 1037 429 1098 eastris
440 1037 561 1113 Pompei
571 1037 670 1098 videre
684 1037 763 1097 lieuit
777 1036 902 1097 trichilas
916 1040 1046 1112 structas,
1060 1053 1200 1111 magnum

122 1122 235 1198 argenti
262 1124 378 1199 pondus
406 1123 585 1200 expositum,
617 1122 780 1182 recentibus
812 1121 984 1198 caespitibus
1014 1121 1201 1181 tahemaeula

125 1212 278 1282 admirata,
300 1209 333 1267 L.
348 1209 434 1269 etiam
448 1209 565 1268 Lentuli
587 1213 616 1268 et
630 1226 689 1268 non
704 1209 849 1267 nullorum
864 1207 1050 1267 tabemaeula
1070 1209 1201 1283 proteete

125 1291 231 1352 hedera
252 1294 401 1370 multaque
423 1299 579 1368 praeterea,
610 1311 685 1368 quae
707 1293 826 1352 nimiam
847 1291 991 1352 luxuriam
1014 1295 1044 1351 et
1064 1291 1200 1350 vieteriae

124 1376 260 1438 iidueiam
289 1378 486 1456 designarent,
515 1384 548 1439 ut
574 1377 659 1438 faeile
687 1378 846 1438 existimari
874 1381 973 1455 posset
1000 1376 1072 1436 nihil
1093 1394 1142 1436 ees
1163 1375 1200 1435 de

124 1467 229 1523 eventu
252 1463 312 1523 eius
334 1465 392 1525 diei
412 1464 556 1541 timuisse,
578 1464 709 1539 quinon
730 1465 906 1524 necessarias
928 1461 1130 1538 eenquirerent
1150 1479 1198 1521 ve

120 1608 269 1664 maritus
293 1610 481 1679 tartarisque,
505 1626 558 1666 von
581 1611 634 1665 den
684 1610 762 1664 Verr.
774 1615 799 1674 4,
815 1614 856 1678 66,
871 1613 931 1664 147;
949 1625 1010 1662 eum
1027 1609 1124 1673 multa,
1141 1611 1200 1662 tum

117 1675 266 1731 Thteeiem
274 1679 340 1732 und
357 1679 502 1733 anderen
515 1678 633 1733 barberi-
685 1678 768 1732 etium
790 1678 839 1733 hoe
860 1695 903 1732 me
924 1677 1037 1734 mereim
1054 1676 1148 1730 dicere.
1165 1706 1200 1715 -

117 1744 199 1798 sehen
216 1745 418 1814 Hilfstrnppen.
684 1747 726 1800 Zu
749 1747 797 1801 der
820 1762 926 1815 genuen
944 1744 1126 1812 Schilderung
1143 1744 1199 1814 vgl.

152 1816 177 1864 3.
200 1811 275 1866 Nam
300 1814 454 1882 hegrlindet
479 1814 531 1881 den
556 1813 633 1885 nieht
684 1814 759 1869 Plut.
776 1814 871 1884 Pomp.
890 1818 932 1879 72,
949 1820 980 1869 4:
1008 1819 1148 1882 αἱροῦντες
1170 1810 1200 1864 ii

118 1881 370 2002 litgiildllffl
402 1882 634 2004 tilithi
686 1880 1199 2003 terminaturi.

115 2013 249 2084 'teiligten
278 2016 317 2071 Sic
364 1965 455 2083 gicht,
484 1965 541 2072 wgs
570 2034 633 2072 man
684 2023 772 2086 μίαν·
793 2026 870 2070 πᾶσα
885 1972 940 2087 μὰς
956 1969 1039 2085 ggqara)
1056 2023 1201 2085 μυρσέναισ

119 2082 187 2137 doch
208 2084 286 2139 hdite
309 2089 444 2140 erwartell
465 2085 562 2152 sollen,
589 2085 633 2140 die
685 2092 856 2139 κατέστεπτο
879 2092 925 2139 καὶ
944 2097 1100 2155 στρωμναέσ
1118 2085 1200 2138 ἀνθι-

119 2152 320 2273 ηῗεοῌαςεηοη
337 2154 587 2234 Legiqnssoldeten.
601 2185 632 2194 -
685 2168 747 2207 νοτε
764 2158 865 2221 ηοκητο
882 2160 928 2207 καὶ
946 2157 1094 2224 τροττζοιτ
1111 2159 1198 2206 ἐκπο-

149 2220 277 2275 mwris..
290 2238 377 2276 armes
395 2222 540 2302 mystisque.
569 2223 633 2292 Vgl.
684 2227 784 2291 μάτων
792 2224 1199 2291 μεστατσ,καέιιρατη”ρεσοένον

119 2304 141 2342 c.
160 2292 202 2355 69,
219 2293 248 2344 4:
271 2293 305 2343 ui
320 2329 347 2344 ..
364 2294 438 2344 metu
455 2293 538 2345 deam
553 2291 634 2362 σίηπσ
686 2297 849 2359 προύκειντο
862 2297 908 2344 καὶ
922 2296 1023 2358 κόσμος
1037 2291 1071 2356 ἦν
1084 2290 1199 2342 τεθναό-

119 2355 293 2412 dimitterent.
311 2389 345 2398 -
367 2359 400 2413 de
422 2357 528 2428 reliqua
551 2359 632 2430 fuya:
687 2379 745 2412 των
766 2365 811 2412 καὶ
832 2361 1078 2430 πανηγυριζόντων
1096 2355 1199 2412 μᾶλλον

120 2440 155 2479 zu
174 2441 196 2479 c.
216 2430 256 2492 10,
273 2431 299 2480 4.
685 2431 701 2494 ἢ
738 2433 806 2496 πρὸς
843 2432 935 2496 μάχην
969 2424 1199 2494 ἐξοπλιζομένων.

151 2497 176 2548 4.
200 2493 313 2549 ducibus
338 2493 383 2548 τισί
408 2510 428 2549 c.
453 2497 488 2548 tr.
509 2510 559 2549 m.:
589 2494 633 2550 die
686 2501 759 2548 οὕτω
789 2508 849 2548 τοτε
877 2493 968 2548 ἐλπίσι
997 2493 1200 2565 διεφθαρμένοι

118 2559 256 2628 Offieiere,
291 2562 393 2616 welche
427 2562 471 2617 die
505 2563 634 2632 Truppen
685 2570 731 2616 τοι·
765 2570 895 2634 γέμοντες
927 2567 1047 2629 ἀνοήτου
1077 2563 1201 2631 θράσους

117 2627 215 2684 hitteu
233 2647 296 2685 num
308 2630 485 2686 Widerstand
502 2632 633 2686 anienem
686 2637 732 2684 ἐπὶ
750 2637 802 2685 τον
824 2630 946 2699 πόλεμον
972 2635 1105 2700 ἐχώροον;
1122 2630 1199 2698 App.

117 2697 172 2751 und
207 2714 297 2819 gefien
331 2700 384 2754 den
412 2699 499 2754 Feind
534 2699 633 2754 fiihren
686 2703 839 2766 2,69,285:
859 2697 955 2752 πολλοὶ
972 2705 1017 2750 τοι
1036 2701 1200 2763 vicennalis

117 2765 216 2831 sollen,
260 2767 339 2821 iehen
357 2783 392 2821 an
410 2768 457 2821 der
475 2767 569 2836 Spitne
586 2768 633 2821 des
687 2765 805 2837 δάφνοιτ
822 2771 975 2837 ἀνέστεφον
990 2764 1050 2832 ἤδη,
1069 2761 1199 2832 συμβόλῳ

116 2832 227 2887 Heeres.
254 2835 407 2890 Ironiewie
425 2841 448 2889 σ.
461 2839 502 2900 31,
523 2835 635 2889 1.-ia
685 2841 773 2901 νέιιητ,
797 2841 842 2887 καὶ
861 2841 889 2887 οἱ
911 2837 1083 2903 θεράποντες
1109 2836 1202 2885 αὐτοῖς

118 2899 267 2957 altissimos
283 2906 398 2957 montes:
420 2919 456 2956 zu
474 2919 496 2958 c.
515 2907 557 2969 93,
575 2908 599 2957 5.
687 2901 770 2955 ὃαττα
805 2901 1002 2971 λαμπροτάτην
1037 2907 1199 2969 ἐπόρσυνον.

150 2969 192 3024 96.
214 2974 235 3023 1.
255 2969 409 3025 trichile==
422 2988 436 3025 e
451 2971 539 3026 ramis
555 2970 633 3040 froa-
685 2971 840 3038 Mommsen,
858 2973 892 3027 R.
909 2971 943 3025 G.
960 2970 1023 3024 111⁵
1040 2974 1103 3024 ³96:
1131 2968 1199 3036 „Die

117 3035 168 3090 dea
184 3036 262 3105 ferta
279 3054 343 3093 cusa
360 3039 438 3109 Ouid
450 3040 514 3094 fast.
528 3044 552 3104 3,
570 3042 633 3093 528:
684 3038 762 3094 Zelte
785 3038 891 3094 seleher
912 3039 1017 3093 Herren
1038 3053 1130 3092 waren
1153 3053 1200 3092 an·

116 3104 301 3171 Laubhiitten‚
319 3107 472 3173 Pusillons,
489 3107 633 3162 wadraeu-
684 3107 791 3176 mntige
813 3107 939 3174 Lauhen,
963 3108 1011 3161 der
1031 3105 1124 3160 Bodeu
1148 3105 1200 3161 mit

118 3172 155 3227 ta.
172 3205 207 3213 —
225 3174 332 3244 arpenti
348 3170 586 3245 ‘Silhergeschirr'.
599 3206 632 3215 -
684 3175 812 3230 irisehem
835 3176 925 3230 Rasen
947 3174 1058 3229 nierlieh
1077 3175 1199 3239 hedeeht,

114 3242 230 3310 pondus.
267 3243 331 3297 Vl.
357 3260 379 3298 a.
408 3248 466 3310 103,
497 3249 525 3298 1:
560 3243 633 3298 ueris
684 3244 728 3298 die
745 3245 851 3299 dede
877 3244 930 3298 mit
952 3243 1023 3298 Lien
1049 3241 1198 3306 bekleidet;

114 3325 213 3380 ιιιαριιο
231 3326 266 3379 po
336 3328 414 3366 e...
432 3311 464 3366 ire
480 3328 563 3366 naves
579 3312 632 3366 im·
683 3312 735 3366 auf
760 3313 821 3367 dem
847 3312 930 3367 Tiseh
959 3312 1040 3366 stand
1068 3311 1198 3365 silhernes

114 3378 211 3447 posito.
228 3413 264 3420 -
280 3379 394 3434 Lentuli
416 3383 443 3434 et
463 3397 520 3434 αοιι
542 3380 631 3434 aude·
682 3380 892 3450 Tafelgeschirr‚
905 3378 1199 3435 undoftkreistedert

113 3463 177 3500 rum
188 3448 243 3501 und
259 3445 375 3516 ‘einiger
389 3443 519 3503 enderer‘.
536 3449 577 3505 VI
588 3452 630 3515 24,
681 3450 763 3517 sehpn
772 3466 816 3503 sm
826 3449 917 3503 hellen
925 3449 1002 3516 Tege
1011 3448 1058 3502 der
1068 3447 1198 3501 Becher“.

114 3518 143 3567 2:
185 3515 363 3570 Ermostheui
401 3521 428 3571 et
465 3516 630 3586 quibasdam
679 3517 968 3572 —UherdieSehwel
990 3515 1095 3571 ereiim
1167 3529 1196 3568 er

116 3581 236 3639 Graecia.
263 3584 297 3639 So
309 3585 378 3639 wird
396 3585 469 3639 aliur
486 3585 629 3640 besonders
684 3586 730 3639 des
739 3586 882 3665 Pompeius
891 3533 995 3664 sehrieh
1005 3584 1086 3638 sehon
1095 3582 1148 3662 im·
1188 3611 1199 3621 ·

113 3649 157 3704 ber
173 3669 234 3706 οιοιιτ
252 3692 299 3706 ...
317 3657 383 3717 tum,
402 3656 445 3707 ei.
458 3692 465 3706 .
478 3693 485 3706 .
498 3657 525 3708 et
534 3653 631 3722 htufig
684 3654 753 3721 fang
762 3654 809 3707 des
818 3653 933 3721 Kneges
943 3651 1035 3707 Omero
1045 3653 1199 3705 anAttrens

684 3724 719 3842 r
734 3720 1201 3842 a...

117 3827 210 3910 Orsaei
240 3831 435 3912 austeritatem,
458 3828 580 3927 teuredus
601 3833 633 3911 in
683 3874 767 3925 qnam
785 3805 900 3924 lautas?
914 3873 997 3926 ηιισιιι
1019 3826 1200 3925 tempestivus
