2670 4336
577 211 613 267 11.
630 216 740 305 iii-:bb
1137 212 1199 272 153

125 388 215 446 iooile
237 388 430 448 eniterentur.
460 387 516 449 Sed
539 395 770 462 praeooouputus
785 388 899 446 animus
913 387 1105 447 Attianorum
1126 390 1202 448 mili-
1224 398 1239 448 6

123 477 184 532 tum
207 473 314 532 timore
335 479 366 532 et
387 475 461 548 iugo
483 479 514 532 et
536 474 624 533 oeede
645 490 763 532 suorum
785 474 860 532 nihil
883 474 919 531 de
940 474 1101 533 resistendo
1124 476 1203 549 eogi-

122 558 215 632 tobot,
239 574 395 631 omnesque
417 561 476 618 iam
498 575 529 617 se
545 560 581 617 ab
598 560 732 630 equitatu
748 559 955 617 circumveniri
970 561 1201 619 arbitrabantur.

121 643 225 716 Itaque
244 644 328 717 prius
350 662 437 717 quem
458 645 549 703 telum
569 644 651 717 adigi
672 647 770 717 posset
792 647 843 702 aut
864 646 959 703 nostri
980 644 1100 718 propius
1122 661 1202 703 noee-

122 728 233 803 derent,
260 729 354 787 omnis
376 730 448 788 Vari
474 730 551 788 ooies
573 735 661 802 terge
683 729 778 787 vertit
799 745 888 801 seque
909 730 941 787 in
963 735 1062 787 oestro
1084 730 1202 803 reeepit.

207 806 266 877 35.
297 813 362 884 Qua
382 814 412 872 iu
426 814 501 888 iuge
515 814 626 872 Fabius
640 813 804 887 Paelignus
819 814 937 886 quidam
952 831 989 872 ex
1003 814 1110 873 infimis
1125 815 1203 873 ordi·

122 898 209 956 nibus
231 899 267 956 de
289 900 421 957 exercitu
436 898 570 958 Curionis
592 900 704 972 primus
719 916 825 972 agmen
839 899 1016 973 fugientium
1031 906 1203 959 oonseoutns

122 999 231 1056 magna
252 1000 323 1043 vooe
344 985 457 1043 Verum
479 985 595 1043 nomine
617 985 770 1058 appellans
789 985 967 1059 requirebat,
990 986 1035 1043 uti
1049 1002 1125 1043 unus
1141 1002 1204 1044 esse

122 1086 159 1126 ex
188 1068 251 1126 eius
273 1069 417 1128 militibus
439 1075 470 1128 et
491 1087 610 1129 monere
633 1070 745 1143 aliquid
767 1070 844 1128 velle
867 1086 902 1128 oe
923 1068 1020 1127 dioere
1041 1070 1202 1129 videretur.

122 1154 181 1212 Ubi
208 1154 260 1211 ille
283 1156 399 1228 saepius
422 1156 590 1228 appellatus
611 1156 744 1229 respexit
766 1171 801 1213 uo
822 1155 938 1213 restitit
959 1160 1002 1229 et,
1032 1155 1098 1227 quis
1126 1162 1205 1214 esset
1225 1159 1240 1209 2

122 1245 176 1297 aut
198 1239 268 1311 quid
289 1240 392 1315 vellet,
426 1241 588 1316 quaesivit,
622 1257 754 1299 umerum
781 1245 916 1314 apertum
948 1240 1047 1313 gladio
1081 1240 1204 1317 adpetit,

122 1324 300 1399 paulumque
323 1325 408 1400 afuit,
431 1327 502 1398 quin
516 1327 629 1385 Verum
651 1326 848 1399 interficerem
871 1325 947 1397 quod
969 1325 1021 1382 ille
1041 1326 1205 1399 perieulum

123 1409 240 1467 sublato
264 1409 301 1467 ed
323 1411 386 1468 eins
408 1417 544 1469 nonatum
567 1417 649 1469 sento
664 1411 783 1470 vitavit.
813 1410 924 1468 Fabius
940 1426 958 1467 o
972 1411 1113 1485 proximis
1128 1412 1205 1469 mili·

123 1495 204 1552 tibus
233 1495 448 1555 circumventus
473 1496 657 1556 interfieitur.
701 1495 944 1568 defugiendum
960 1495 1150 1554 multitudine
1172 1501 1242 1554 not

124 1580 214 1638 turbu
228 1586 334 1655 portae
350 1586 514 1639 castrorum
533 1587 715 1655 oooupuntur
730 1586 819 1653 atque
833 1581 894 1638 iter
906 1580 1076 1654 impeditur,
1091 1582 1205 1656 plures·

123 1682 179 1737 que
201 1666 233 1723 in
255 1682 288 1723 eo
310 1667 373 1724 loeo
397 1667 460 1724 sino
474 1667 598 1725 vulnere
618 1684 704 1739 quom
719 1667 751 1723 iu
765 1666 878 1741 proelio
893 1671 946 1724 aut
959 1667 1033 1739 iuga
1047 1667 1204 1741 intereunt,

122 1766 217 1821 neque
239 1751 363 1808 multum
386 1752 475 1826 afuit,
499 1752 570 1823 quin
592 1752 682 1809 etiem
711 1751 819 1809 eastris
841 1751 1069 1825 expellerentur,
1091 1768 1126 1809 ae
1148 1769 1207 1810 non
1227 1758 1243 1808 4

123 1833 199 1891 nulli
221 1835 358 1908 protinus
381 1835 480 1893 eodem
503 1852 590 1894 eursu
612 1837 644 1893 in
666 1835 803 1908 oppidum
819 1837 1040 1895 contenderunt.
1071 1836 1127 1895 Sed
1143 1853 1207 1894 oum
1229 1843 1244 1894 5

123 1918 182 1977 looi
208 1924 318 1976 notura
347 1925 377 1977 et
406 1921 530 1978 munitio
556 1925 722 1979 nestrorum
745 1920 822 1978 adiri
844 1925 915 1978 tuno
936 1921 1120 1995 prohibebat,
1143 1927 1206 1979 turn

127 2050 246 2101 tereretur
276 2048 349 2113 „sioh
377 2050 640 2130 empororbeiten“.
696 2048 838 2102 botritium
851 2048 1211 2116 informaioodeoromeoee

125 2115 180 2169 Die
193 2115 365 2184 Prtposition
377 2133 411 2170 eoo
428 2133 457 2172 nn
474 2133 643 2173 zusommen·
696 2116 826 2171 notiones.

125 2184 643 2311 ι
695 2185 773 2321 ιι·

134 2269 205 2307 1nr
350 2271 416 2310 z..
571 2270 820 2311 :emmor
932 2270 1210 2318 ..n„.-

125 2323 157 2376 in
175 2338 286 2376 morum
305 2293 441 2389 eirtolit3
459 2296 643 2388 tullianus,
694 2321 740 2375 De
768 2321 817 2376 der
841 2321 991 2376 Ausdruelr
1019 2321 1129 2375 ordines
1157 2321 1209 2376 mit

127 2397 155 2458 33
179 2391 309 2446 eierare
331 2396 355 2458 2,
374 2396 398 2456 9,
417 2397 440 2447 6.
465 2399 492 2459 7;
518 2393 643 2464 eripere
695 2389 783 2444 einem
801 2389 940 2444 Zehlwort
958 2391 1021 2444 oder
1038 2389 1089 2444 mit
1111 2389 1209 2458 inferi·

127 2460 167 2516 VI
194 2465 236 2524 27,
264 2465 293 2525 2;
326 2464 348 2525 l,
373 2465 414 2528 26,
441 2466 468 2524 1;
498 2461 643 2516 oscitare
695 2474 755 2512 ores
780 2458 937 2513 verbunden
963 2465 1039 2513 sonst
1065 2463 1134 2512 stets
1160 2457 1211 2513 auf

128 2533 217 2583 torreo
234 2544 261 2582 u.
280 2545 304 2582 e.
695 2527 877 2581 Centurionen
899 2526 1040 2594 hinweist,
1065 2526 1103 2580 ist
1125 2542 1208 2580 ennu-

249 2599 427 2665 aeoceupaiuo
453 2597 571 2651 obimus.
611 2597 643 2650 ln
694 2595 823 2663 nebmen‚
856 2593 909 2649 dab
937 2594 1045 2649 Fabios
1068 2594 1138 2648 euch
1164 2594 1209 2648 ein

128 2601 211 2719 Besszie
231 2679 289 2733 ung
325 2664 376 2717 auf
412 2663 472 2718 eine
507 2664 643 2719 liebrheit
695 2664 817 2735 centurio
833 2679 900 2717 wer.
918 2693 951 2701 —
970 2649 1042 2717 Uber
1059 2661 1209 2782 Paelignum

129 2733 237 2786 werden
261 2732 299 2786 im
322 2732 383 2786 Lat
401 2732 470 2785 ouoh
488 2732 644 2787 Abstrnoto
696 2748 717 2786 s.
728 2733 872 2795 uui,18,1.
885 2723 1143 2797 —requirebot‘suo
1163 2724 1209 2797 ω’,

129 2799 301 2866 gewbhnliob
328 2805 437 2853 conoret
460 2799 561 2920 ἔπιθι
587 2801 644 2854 und
696 2799 785 2853 nicht:
805 2797 898 2866 frogte
915 2797 985 2852 nnoh
1001 2798 1066 2851 ihm.

130 2867 171 2921 als
201 2868 340 2922 mehreren
370 2866 459 2920 indivi
478 2882 532 2921 uen
561 2884 643 2937 nuge-
730 2870 754 2920 2.
772 2881 897 2919 umerum
920 2868 1054 2985 apertum:
1093 2865 1125 2919 In
1147 2866 1208 2935 dem

128 2934 255 3001 herigin
273 2936 325 2988 den
337 2933 434 2987 Plurul
450 2940 571 3002 gesetnt;
586 2936 643 3002 vgl.
696 2934 793 2988 Worte
811 2935 922 3001 apertus
950 2937 1010 3000 negt
1027 2932 1129 2998 drohn,
1152 2950 1208 2987 was

131 3019 155 3054 z.
172 3001 206 3055 B.
228 3018 251 3055 o.
274 3006 315 3068 tt,
340 3007 369 3056 2:
401 3002 484 3056 totino
513 3003 645 3057 ememtes
697 3017 747 3055 uns
764 3001 870 3069 notigt,
888 3016 923 3054 on
941 2999 985 3053 die
1002 3001 1116 3055 reohte
1134 3000 1209 3056 Seite

129 3067 237 3123 animos
264 3068 368 3124 alienos
394 3087 449 3124 esse
476 3087 494 3124 α
520 3069 644 3125 Curione.
696 3085 731 3123 nn
749 3069 863 3134 denlren,
881 3069 916 3122 da
934 3083 962 3122 es
981 3068 1077 3123 ebenso
1095 3076 1147 3137 gut
1164 3068 1209 3123 die

129 3137 231 3192 Jedoob
253 3137 339 3192 findet
357 3136 415 3192 sioh
433 3139 502 3192 nuob
521 3139 569 3193 der
586 3138 645 3193 Sin·
696 3137 788 3191 linke
806 3136 863 3191 sein
875 3137 956 3205 kann,
974 3137 1151 3192 wennVorus
1162 3136 1209 3190 idn

129 3206 219 3276 golan,
232 3206 378 3261 besonders
388 3222 441 3260 ron
454 3206 573 3273 animus,
582 3207 645 3262 sehr
696 3205 748 3261 den
765 3205 946 3274 Augenbliok,
964 3207 999 3260 da
1016 3221 1045 3260 er
1062 3204 1142 3260 einen
1153 3207 1209 3259 An-

128 3274 238 3343 b'iufig;
265 3292 289 3328 n.
309 3275 340 3330 B.
358 3275 384 3331 Π
407 3279 450 3341 21,
473 3281 501 3330 5:
525 3275 645 3330 boetium
696 3273 764 3344 grin
778 3273 855 3328 nieht
872 3279 1031 3338 eruentem,
1048 3274 1100 3328 den
1115 3273 1209 3354 senili

128 3343 204 3411 (fuit)
229 3347 286 3398 iam
309 3347 429 3414 paratius
451 3344 489 3399 ad
512 3343 644 3400 dimiono·
696 3343 774 3397 nieht
791 3343 907 3398 erhoben
924 3342 1017 3407 hatte,
1034 3357 1081 3396 um
1099 3342 1156 3396 srob
1174 3357 1209 3396 nu

129 3413 198 3466 dom
221 3412 344 3476 animum
371 3413 439 3468 bono
463 3413 557 3468 animo
581 3429 644 3492 eene,
696 3412 806 3467 deoken,
833 3441 864 3450 -
893 3410 1016 3481 adpetit
1042 3410 1209 3488 partiumque

129 3480 224 3535 animo
252 3480 300 3547 (ad
326 3481 525 3548 dimicandum)
550 3485 645 3551 parati
696 3479 800 3549 afuit,
818 3479 915 3534 ebenso
933 3480 948 3547 ξ
967 3478 1027 3532 tt:
1054 3480 1210 3532 inierunt

128 3549 184 3602 VII
204 3553 244 3612 19,
268 3554 292 3603 2.
322 3555 350 3615 5;
379 3556 403 3614 3,
428 3554 468 3613 85,
492 3556 522 3614 4;
549 3553 591 3615 86,
616 3556 644 3613 5;
696 3566 780 3617 neque
801 3549 919 3602 multum
943 3546 1041 3616 afuit.
1065 3576 1099 3584 -
1125 3548 1209 3599 emto.

127 3622 170 3685 95,
197 3623 225 3682 1;
250 3622 422 3697 perspectum
448 3618 546 3673 bebere
571 3618 643 3673 mdi
696 3617 759 3671 Mon
785 3617 835 3670 hot
864 3616 1026 3682 bebnuptet,
1048 3613 1101 3693 ‚die
1130 3613 1209 3667 Feld·

129 3689 188 3740 tnm
214 3703 340 3740 animum
365 3691 390 3753 3,
418 3690 459 3755 84,
484 3691 506 3740 1.
546 3686 643 3741 Beides
695 3681 1208 3749 berrenbiittekeinenSebrldgebnbt;

128 3753 187 3807 (lio.
206 3755 240 3810 de
257 3759 315 3808 net.
333 3755 404 3809 deor.
418 3759 441 3821 2,
462 3759 492 3809 12
505 3754 538 3808 i:
558 3754 643 3809 omni·
695 3767 792 3806 unsere
811 3751 896 3806 Stelle
917 3750 1005 3819 neigt,
1028 3747 1081 3803 deb
1099 3750 1147 3803 das
1165 3749 1208 3804 ein

130 3821 180 3876 boo
263 3825 293 3878 in
310 3823 404 3878 animo
422 3823 501 3891 qnasi
525 3823 644 3891 insculp-
696 3821 798 3874 lrrtum
815 3821 860 3874 ist.
902 3886 908 3897 ³

131 3891 190 3943 ium
216 3908 271 3947 esse
299 3893 354 3946 und
384 3892 456 3946 daun
485 3891 516 3944 in
542 3890 645 3945 animis
732 3894 755 3942 5.
773 3904 834 3942 enm
858 3887 909 3943 loeo
930 3888 1034 3941 notura
1152 3890 1209 3942 tum
