2670 4336
575 240 597 294 Ι.
615 244 657 294 45.
669 244 712 295 46.
1143 245 1181 300 71

108 414 188 491 quod
210 415 264 475 sub
286 414 354 491 ipsis
376 415 519 474 radicibus
541 415 646 475 montis
668 418 870 492 constiterant,
892 421 926 475 ut
946 417 1058 476 nulium
1080 417 1187 478 frustra

106 501 196 560 telum
218 499 248 557 in
270 518 320 559 eos
342 499 509 560 mitteretur.
545 501 657 560 Tamen
679 503 787 560 virtute
808 505 838 559 et
858 501 1000 577 patientia
1021 502 1187 562 nitebantur

107 591 195 660 atque
217 585 315 644 omnia
328 585 450 643 vulnera
463 585 652 645 sustinebant.
687 586 879 661 Augebantur
900 586 953 645 iilis
969 587 1077 663 copiae,
1100 593 1223 662 atque?

107 689 144 730 ex
159 672 259 730 castris
274 669 406 729 cohortes
420 688 473 745 per
487 671 625 746 oppidum
642 671 741 731 crebro
762 671 1013 747 submittebeutur‚
1035 677 1069 732 ut
1082 672 1187 748 integri

107 754 227 815 defessis
248 755 441 814 succederent.
470 755 535 815 Hoc
548 755 625 815 idem
641 755 747 815 Caesar
768 754 864 816 iacere
879 757 1046 834 cogebatur,
1067 761 1101 816 ut
1121 759 1187 817 sub·
1208 765 1224 816 8

107 841 201 899 missis
223 842 255 898 in
277 840 400 899 eundem
422 841 518 899 locum
540 841 705 900 cohortibus
727 840 854 901 defessos
876 843 1023 918 reciperet.

191 918 246 986 46.
270 925 335 985 Hoc
349 943 415 984 cum
437 930 511 984 esset
525 925 611 985 modo
634 930 797 1001 pugnatum
813 926 992 986 continenter
1005 927 1083 986 horis
1104 930 1187 1003 quin-

109 1028 166 1085 que
193 1010 343 1085 nostrique
370 1009 487 1085 gravius
515 1028 534 1068 a
561 1011 746 1070 multitudine
771 1016 985 1088 premerentur,
1011 1013 1188 1089 consumptis

108 1096 242 1155 omnibus
270 1095 333 1154 telis
365 1094 468 1170 gladiis
497 1094 637 1155 destrictis
667 1095 807 1172 impetum
834 1096 973 1157 adversus
1002 1101 1130 1156 montem
1157 1098 1188 1156 in

107 1180 238 1240 cohortes
251 1179 362 1240 iaciunt
375 1181 537 1256 paucisque
551 1180 666 1240 deiectis
676 1181 801 1255 reliquos
815 1198 877 1240 sese
892 1186 1057 1241 convertere
1069 1186 1187 1258 cogunt.

110 1265 257 1325 Submotis
279 1266 334 1325 sub
356 1284 471 1324 murum
495 1265 660 1325 cohortibus
675 1282 709 1325 ac
730 1284 788 1324 non
804 1266 914 1325 nuliam
936 1272 1047 1342 partem
1069 1272 1188 1344 propter
1208 1275 1223 1325 2

107 1355 244 1410 terrorem
267 1349 297 1408 in
314 1351 452 1426 oppidum
468 1351 624 1427 compulsis
645 1349 736 1410 facilis
752 1356 795 1411 est
814 1353 920 1411 nostris
942 1356 1073 1427 receptus
1095 1353 1189 1412 datus.

107 1436 261 1511 Equitatus
284 1440 381 1495 autem
408 1440 506 1495 noster
533 1436 571 1496 ab
599 1441 723 1511 utroque
752 1436 856 1513 latero,
884 1437 937 1496 etsi
967 1436 1082 1497 deiectis
1104 1444 1228 1513 atquet

107 1521 292 1581 inferioribus
319 1521 387 1580 iocis
417 1516 597 1597 constiterat,
631 1525 728 1581 tamen
756 1539 871 1580 summa
895 1522 924 1580 in
955 1522 1055 1598 iugum
1084 1522 1191 1582 virtute

107 1607 242 1667 conititur
269 1611 358 1682 atque
386 1607 462 1665 inter
484 1606 558 1665 duas
584 1607 662 1666 acies
690 1606 875 1683 perequitans
902 1607 1127 1666 commodiorem
1157 1626 1192 1667 ac

109 1693 244 1752 tutiorem
266 1692 372 1751 nostris
394 1695 541 1767 receptum
570 1690 628 1750 dat,
674 1691 720 1751 Ita
741 1693 822 1751 vario
852 1693 1007 1752 certamine
1028 1697 1191 1769 pugnatum
1213 1699 1229 1750 4

110 1783 161 1836 est.
203 1778 305 1836 Nostri
327 1776 357 1834 in
383 1778 478 1852 primo
502 1793 658 1851 congressu
680 1776 789 1836 circiter
810 1795 868 1835 nxx
891 1778 1067 1853 ceciderunt,
1096 1779 1126 1836 in
1148 1778 1192 1837 his

107 1937 177 2007 ipein
197 1937 336 1992 radic-ibae
362 1937 469 1991 montio.
498 1907 568 2005 Ι1151.
586 1952 622 1991 nu
674 1936 730 2002 aui,
748 1937 800 1990 wie
814 1944 839 2002 8,
850 1942 892 2003 46,
906 1943 920 1990 5
933 1955 967 1991 ecc
983 1938 1115 2006 inferiore
1133 1938 1188 1993 loco

109 2009 125 2073 ᾗ
143 2011 167 2059 2.
180 2035 214 2044 -
225 2005 384 2059 nitebantur
399 2004 497 2058 ebech:
515 2017 622 2073 streng-
674 2005 805 2059 adorem
821 2005 920 2059 cliuum
936 2006 1044 2059 incitati
1056 2022 1137 2060 cursu
1155 2045 1160 2054 .
1181 2044 1188 2059 .

109 2079 156 2129 ten
179 2073 236 2127 sich
259 2089 294 2127 an
318 2077 374 2137 (um
391 2073 449 2127 sich
466 2088 502 2126 nn
520 2072 623 2138 holten)
673 2071 857 2141 Pompeianos
884 2115 890 2127 .
918 2114 924 2126 .
950 2114 956 2126 .
988 2077 1027 2127 ter
1044 2091 1063 2128 a
1087 2077 1189 2128 vertere

108 2142 160 2196 mit
176 2140 339 2220 Tapterheit
355 2142 411 2195 und
428 2141 600 2219 Ansdouer..
674 2145 830 2221 coeperunt..
846 2141 935 2195 Einen
947 2141 1015 2196 Fein
1045 2142 1189 2265 onzugrei·

143 2215 167 2264 τ.
185 2209 242 2263 iilis
259 2209 623 2275 5155.44,1(55515155551-
674 2209 728 2275 155,
747 2209 794 2264 der
806 2225 866 2263 eme
879 2209 963 2264 hbher
974 2209 1106 2279 gelegene
1138 2211 1188 2265 tel·

109 2278 207 2337 lorcmt
242 2277 297 2331 und
332 2277 373 2331 cit
402 2302 435 2321 ·=
464 2277 623 2343 adversarii,
673 2277 818 2344 iunginne
831 2278 917 2342 hatte,
950 2278 991 2331 alt
1000 2278 1070 2332 anch
1082 2277 1125 2332 bei
1137 2279 1190 2332 den

109 2346 264 2414 Gegensatn
281 2344 370 2398 nostri
387 2346 403 2413 ᾗ
417 2349 442 2399 6.
459 2363 559 2415 —per
575 2361 623 2415 op·
674 2346 792 2400 Rbmern
810 2345 851 2399 nis
870 2346 915 2401 ein
927 2294 1032 2401 fieweis
1051 2347 1188 2414 (1555555-

105 2414 213 2485 pidum.
258 2413 387 2468 Afranius
416 2413 537 2469 schickte
566 2414 623 2468 also
674 2413 901 2481 tenTapferlreit.
914 2415 1067 2469 -deiectio
1084 2416 1189 2468 nieder·

108 2499 158 2536 ans
180 2482 281 2536 seinem
300 2482 390 2550 Lagcr
413 2482 493 2562 linge
515 2483 562 2536 des
581 2482 622 2536 Si·
673 2483 811 2550 geworfen
823 2483 996 2552 (55555555),
1008 2488 1124 2551 getdtet,
1138 2483 1190 2537 wie

109 2551 178 2606 coris
195 2550 431 2619 Verstitrkungem
448 2551 492 2604 dre
510 2550 560 2604 nni
575 2550 623 2604 der
674 2555 698 2616 3,
718 2555 759 2615 51,
771 2555 799 2604 25
817 2550 916 2620 primia
933 2551 1041 2606 deiectis
1051 2551 1151 2622 reliqui
1162 2567 1190 2604 ec

109 2619 277 2674 Siidostseite
311 2623 387 2672 trotn
416 2619 464 2671 der
493 2617 623 2674 Steilhoit
673 2621 823 2683 cercone
842 2620 899 2688 vgl.
917 2619 944 2672 11
957 2624 997 2679 21,
1010 2624 1039 2683 4;
1059 2620 1097 2672 lV
1112 2624 1151 2686 12,
1165 2624 1190 2672 2.

108 2689 155 2742 des
177 2687 329 2754 Abhanges
353 2686 382 2739 in
407 2686 451 2740 die
473 2686 555 2740 Stadt
576 2702 623 2755 ge·
709 2691 733 2739 2.
750 2703 806 2740 riori
836 2687 943 2740 collem
974 2691 1094 2756 partem:
1127 2686 1190 2740 teil·

109 2756 212 2824 langen
229 2757 359 2808 konnteu.
636 2787 637 2790 =
675 2755 767 2808 weise.

143 2828 168 2878 8.
185 2828 218 2878 ut
238 2863 245 2877 .
264 2862 270 2876 .
289 2863 296 2876 .
320 2822 461 2890 reciperet,
508 2836 623 2875 emanere
709 2826 734 2874 8.
744 2821 864 2874 deiectio:
877 2821 931 2874 tici
940 2821 1057 2888 liegend,
1070 2821 1189 2888 niedrig;

110 2892 290 2957 ,insirihrnng
312 2891 358 2944 des
380 2889 466 2942 durch
488 2837 535 2941 hcc
552 2888 624 2942 idem
674 2890 723 2942 der
746 2890 879 2942 seltenere
898 2889 1047 2942 Ausdruck
1069 2904 1099 2942 so
1121 2888 1189 2942 ieich

109 2960 191 3013 schon
219 2959 311 3012 hini'nn
334 2957 386 3010 iich
415 2955 622 3020 bezeichneton;
675 2956 781 3010 erkltrt
802 2956 888 3009 durch
909 2956 961 3009 den
984 2904 1191 3023 gewo'hnfichen

110 3027 154 3081 bei
171 3027 271 3080 Caesar
287 2974 348 3078 sehr
365 3024 472 3092 hitnfig:
490 3041 514 3077 z.
531 3024 563 3077 B.
575 3024 588 3077 Ι
601 3029 624 3090 5,
674 3023 861 3102 inferioribus,
878 3023 930 3101 urie
950 3023 988 3076 111
1007 3028 1051 3088 15,
1069 3029 1085 3077 8
1103 3025 1191 3078 mala-

112 3100 139 3161 13
159 3098 199 3160 18,
217 3098 246 3157 2;
265 3096 306 3158 31,
326 3096 369 3156 14ς
389 3097 410 3158 1,
424 3097 505 3158 40,1;
524 3095 624 3156 85,10;
675 3109 718 3146 555
736 3107 768 3145 55
787 3091 975 3158 tranquillitos

110 3168 135 3228 3,
154 3166 195 3227 84,
212 3166 237 3216 8.
255 3191 289 3200 -
310 3160 438 3228 recipere:
465 3159 509 3213 die
527 3175 624 3241 ausge-
709 3165 734 3213 4.
751 3159 828 3213 corio
841 3159 993 3228 certamine,
1010 3166 1092 3214 nnter
1103 3160 1190 3215 wech-

111 3231 241 3286 sendeten
252 3230 380 3296 Trnppen
397 3227 497 3281 wieder
513 3243 549 3281 an
566 3228 623 3282 such
675 3227 1131 3293 5515155(1515515555511115515555,
1139 3228 1192 3282 mit

110 3300 220 3365 niehen;
238 3315 259 3353 c.
279 3303 320 3361 54,
339 3303 368 3360 5,
384 3301 407 3362 8,
428 3299 468 3360 58,
486 3300 511 3350 2.
676 3296 871 3351 wechselndem
888 3295 1009 3364 Erfolge.
1037 3326 1068 3335 —
1095 3294 1192 3351 Nostri

143 3369 185 3424 46.
214 3373 237 3422 1.
263 3365 337 3420 borio
399 3365 488 3433 ioque.
527 3363 625 3418 Ablat.
741 3363 846 3418 circiter
856 3363 944 3417 LXX
957 3364 1192 3430 cecidencrtwir:

111 3453 161 3490 znr
172 3435 291 3504 Angabe
302 3435 350 3488 des
362 3381 539 3497 gimenes,
550 3433 625 3487 wth-
675 3439 749 3487 etwa
759 3437 791 3486 70
801 3433 857 3486 der
869 3432 1052 3500 Unsrigen,
1064 3432 1088 3486 51
1110 3432 1192 3511 entl3:

110 3505 176 3558 rend
193 3504 289 3558 dessen
307 3508 393 3557 etwas
410 3501 560 3569 geschehen
578 3501 624 3567 ist,
676 3501 795 3569 Unsrige
816 3500 896 3554 fielen
918 3516 1007 3569 gegen
1024 3505 1065 3554 70.
1124 3504 1192 3552 ertu-

111 3573 200 3626 wofiir
211 3572 280 3626 auch
292 3572 341 3625 der
352 3571 451 3625 Aecus.
464 3571 514 3623 der
530 3568 625 3623 Dauer
676 3569 752 3624 tiven
762 3568 930 3638 Adjectiven
939 3569 994 3622 und
1000 3567 1192 3621 Znhlwdrtern

110 3637 625 3706 (istundenhindnrch)stehenkdnnte.
675 3637 740 3706 idgt
758 3637 857 3691 Caesar
882 3637 931 3689 das
952 3636 1106 3689 Pronomen
1132 3651 1192 3704 pos·

111 3707 139 3762 S.
157 3725 179 3761 5.
197 3713 240 3767 41,
253 3713 283 3770 3;
302 3708 370 3761 oben
387 3709 490 3771 5.1,6;
509 3709 624 3770 8.59,1.
676 3707 808 3759 sessivum
826 3703 879 3757 mit
896 3704 960 3756 oder
976 3702 1045 3757 ohne
1062 3703 1192 3757 Substan-

112 3806 143 3815 -
161 3775 328 3844 consumptio
345 3773 470 3829 omnibus
487 3773 547 3827 telio
563 3773 625 3835 ‹Ge-
676 3772 765 3827 tivum
775 3771 946 3839 ingleichom
957 3771 1043 3825 Casus
1052 3770 1104 3840 bei,
1115 3771 1193 3826 nicht

110 3845 228 3907 schosset
243 3842 347 3913 gladiis
364 3841 498 3897 5155555115
515 3858 536 3896 s.
548 3856 584 3895 nn
602 3858 625 3896 5.
676 3841 714 3895 im
743 3839 889 3908 genetivus
916 3838 1073 3908 partititus,
1118 3839 1145 3894 S.
1168 3856 1192 3894 c.

110 3911 395 3978 idi—advertar
411 3909 627 3979 montemberg·
680 3910 875 3976 19‚2;87‚4;
901 3911 927 3973 2,
944 3911 987 3975 21,
1007 3912 1034 3974 1;
1061 3911 1193 3974 8,28,1;
