2670 4336
583 227 620 283 11.
637 231 750 282 41-43.
1146 227 1208 285 161

126 405 242 479 sistens,
266 410 301 462 ut
321 404 396 476 iuga
410 405 534 462 salutem
556 409 638 477 petat
660 409 748 476 atque
769 403 800 460 in
819 411 919 460 castra
933 403 1099 479 contendat,
1122 411 1152 462 et
1174 422 1206 462 se

127 491 164 548 ab
187 505 220 548 eo
236 506 294 547 non
309 490 506 547 discessurum
520 488 685 562 pollicetur.
715 490 756 547 At
770 488 858 547 Curio
873 504 1030 560 numquam
1052 505 1084 546 se
1099 490 1206 547 amisso
1228 497 1245 547 4

125 575 274 649 exercitu,
305 591 390 646 quem
413 591 431 632 a
452 574 578 634 Caesare
601 590 671 632 suae
692 575 762 632 fidei
783 573 965 631 commissum
994 575 1150 648 acceperit,
1173 575 1206 632 in

125 660 190 718 eius
204 666 390 732 conspectum
404 675 594 718 reversurum
609 659 763 718 confirmat
777 662 864 730 atque
883 658 928 716 ita
949 658 1098 731 proelians
1112 660 1206 717 inter·

125 745 234 803 ficitur,
271 744 395 817 Equites
418 762 454 802 ax
475 743 587 818 proelio
607 745 749 818 perpauci
771 759 802 802 se
824 744 985 816 recipiunt;
1008 743 1059 802 sed
1080 745 1110 818 ii,
1134 761 1207 817 quos
1230 753 1244 802 5

126 831 165 888 ad
187 831 376 889 novissimum
398 847 504 903 agmen
527 846 667 901 equorum
683 830 905 888 reficiendorum
928 845 1017 887 causa
1039 831 1206 889 substitisse

126 917 359 974 demonstratum
388 920 444 991 est,
474 916 547 988 iuga
576 917 665 974 totius
693 915 840 973 exercitus
868 915 971 987 procul
999 915 1206 975 animadversa

126 1018 192 1060 sese
218 1001 376 1058 incolumes
405 1001 436 1059 in
466 1006 563 1060 castra
592 1001 752 1058 conferunt
795 997 906 1057 Milites
933 999 970 1057 ad
996 1016 1085 1058 unum
1108 1018 1206 1060 omnes

129 1086 356 1146 interficiuntur.

212 1163 268 1234 48.
291 1171 346 1228 His
369 1172 457 1229 rebus
479 1171 607 1243 cognitis
622 1169 751 1227 Marcius
765 1169 862 1227 Rufus
885 1176 1024 1240 quaestor
1045 1170 1077 1227 in
1098 1172 1206 1229 castris

127 1257 247 1315 relictus
263 1273 281 1313 a
296 1255 422 1314 Curione
437 1256 608 1315 cohortatur
622 1271 696 1328 suos,
712 1271 749 1312 ne
763 1255 860 1312 animo
876 1254 1022 1312 deficiant.
1051 1254 1102 1312 llli
1117 1262 1206 1314 orant

127 1335 216 1414 atque
238 1342 399 1415 obsecrant,
422 1347 457 1399 ut
477 1341 508 1398 in
524 1340 654 1401 Siciliam
668 1341 794 1399 navibus
816 1344 1011 1412 reportentur.
1040 1339 1206 1399 Pollicetur

127 1427 336 1500 magistrisque
357 1427 486 1500 imperat
499 1427 627 1501 navium,
649 1432 684 1484 ut
705 1425 799 1498 primo
822 1441 944 1498 vespere
960 1442 1058 1484 omnes
1080 1427 1204 1499 scaphas

126 1512 164 1570 ad
185 1512 258 1569 litus
280 1511 419 1584 adpulsas
441 1513 577 1571 habeant.
612 1510 669 1570 Sed
691 1516 794 1568 tantus
815 1510 872 1568 tuit
894 1512 1022 1568 omnium
1044 1517 1149 1585 terror,
1172 1516 1206 1570 nt
1229 1518 1243 1567 2

128 1598 181 1656 alii
204 1596 305 1654 adesse
327 1598 427 1670 copias
447 1597 538 1655 lubae
560 1596 706 1669 dicerent,
736 1595 788 1653 alii
815 1611 879 1653 cum
906 1596 1073 1668 legionibus
1094 1596 1206 1654 instare

127 1682 240 1740 Varum
263 1682 379 1752 iamque
394 1699 425 1738 se
447 1682 600 1754 pulverem
615 1680 794 1738 venientium
813 1696 933 1738 cernere
956 1680 1091 1753 (quarum
1106 1698 1205 1738 rerum

128 1767 203 1823 nihil
225 1766 341 1823 omnino
364 1765 536 1839 acciderat),
560 1764 612 1822 alii
634 1765 756 1822 classem
777 1765 906 1823 hostium
928 1766 1066 1823 celeriter
1087 1766 1207 1824 advola-

128 1855 225 1907 turam
248 1850 477 1922 suspicarentur.
521 1848 627 1921 ltaque
653 1846 824 1922 perterritis
846 1851 980 1908 omnibns
1006 1850 1062 1907 sibi
1084 1851 1206 1923 quisque
1229 1861 1243 1907 3

128 1935 307 1992 consulebat.
341 1933 398 2005 Qui
413 1935 444 1992 in
466 1934 560 1992 classe
575 1940 670 2008 erant,
691 1934 837 2007 proficisci
851 1936 1059 2007 properabant.
1093 1934 1207 1995 Horum

128 2131 163 2184 da
175 2130 248 2184 diese
262 2130 443 2185 nurausdem
452 2128 641 2184 Ritterstande
692 2145 784 2184 waren
802 2134 836 2194 (c.
854 2133 895 2195 39,
915 2133 946 2196 1).
959 2159 993 2167 -
1005 2128 1138 2198 adpulsae
1156 2122 1204 2185 ba-

127 2199 251 2268 gswdhlt
264 2198 386 2265 ¹vrnrden.
693 2199 774 2253 beant
789 2198 827 2253 ist
839 2198 915 2253 mehr
932 2197 972 2252 als
990 2197 1142 2268 adpellant:
1162 2199 1205 2254 die

161 2273 187 2322 4.
207 2286 226 2322 a
249 2267 363 2322 Caesare
388 2283 454 2320 suae
479 2265 546 2334 fidei
572 2282 641 2320 com·
691 2267 806 2322 Landnn
850 2267 930 2321 sollte
952 2266 1035 2321 schon
1058 2266 1096 2320 im
1116 2267 1204 2322 Lause

127 2337 256 2392 mussant
279 2353 302 2390 c.
322 2340 362 2403 11,
381 2339 404 2389 2.
433 2365 463 2373 -—
492 2338 572 2404 atque
592 2335 640 2388 ita.
692 2335 805 2391 desNac
853 2334 1204 2404 ‘ttagserfolgemundbei

126 2405 180 2460 Die
198 2405 362 2472 Bedeutung
382 2405 428 2458 des
446 2403 487 2458 ita
504 2403 534 2458 in
550 2403 639 2458 dieser
691 2404 825 2459 Anbrnch
847 2404 894 2458 des
911 2403 1020 2458 Abends
1044 2403 1143 2459 sollten
1165 2404 1204 2459 sie

128 2473 308 2540 Verbindung
336 2472 374 2526 ist
403 2478 472 2528 stets
502 2487 551 2526 aus
577 2473 639 2526 dem
690 2473 745 2527 alle
775 2473 863 2528 Boote
892 2487 943 2526 zur
971 2471 1088 2526 hbfahrt
1116 2473 1204 2528 bereit

127 2541 372 2610 Vorhergehenden
401 2557 436 2595 zu
463 2540 637 2595 entnehmen:
689 2542 792 2596 holten.
821 2538 1068 2609 usquequaquam>
1082 2544 1203 2595 eoactum

125 2610 139 2662 Ι
164 2615 204 2673 13,
230 2614 257 2672 1;
283 2608 415 2671 1117,1;
438 2610 478 2662 VI
497 2613 537 2674 21,
557 2613 587 2676 3;
616 2612 638 2673 1,
690 2607 1044 2673 babebar115‚1;ahn1ich
1057 2606 1095 2662 im
1107 2609 1138 2662 B.
1151 2608 1203 2663 civ.

124 2681 326 2747 26,1;15,3;
350 2681 374 2742 2,
393 2681 434 2742 28,
451 2682 481 2745 4;
504 2677 576 2732 hier:
601 2672 639 2730 ‘in
690 2683 714 2744 2,
733 2682 774 2742 31,
793 2681 821 2742 53
846 2681 870 2742 3,
889 2680 929 2740 62,
947 2680 976 2740 4;
1000 2680 1040 2742 19,
1059 2681 1088 2740 3;
1114 2679 1202 2742 84,1;

123 2747 213 2800 dieser
229 2743 398 2813 Gesinnung‚
421 2745 473 2799 mit
491 2744 552 2798 dem
569 2745 636 2799 Ent·
690 2749 730 2811 89,
749 2749 781 2809 2;
800 2749 857 2810 112,
875 2748 899 2798 8.

122 2813 251 2879 achimae,
269 2812 391 2867 walchen
409 2829 438 2867 er
453 2828 488 2866 zu
501 2813 636 2866 erhennen
723 2817 746 2866 2.
774 2812 908 2866 omnium:
935 2811 983 2865 der
1005 2810 1135 2880 Trnppen
1163 2811 1201 2866 im

124 2881 247 2958 gegeben
255 2877 348 2933 hatte?
365 2910 399 2919 -
410 2880 637 2948 praeliamiater·
688 2880 785 2949 Lager.
805 2911 835 2918 -
854 2880 959 2934 aelmaer
982 2884 1097 2956 41113,
1117 2884 1157 2945 36,
1176 2884 1200 2934 6.

121 2949 223 3015 flectar.
258 2947 359 3002 Lucan.
373 2952 398 3013 4,
411 2952 475 3002 796:
493 2946 557 3002 Noc
575 2948 639 3002 taidi
690 2980 720 2986 —
740 2965 857 3016 qaorum
874 2964 966 3001 reram
981 2946 1059 3001 cibel.
1090 2947 1115 3000 8.
1128 2963 1163 3002 zu
1177 2953 1200 3013 1,

124 3015 244 3084 adflictis
260 3013 384 3068 animam
401 3015 547 3084 producere
557 3015 638 3070 redas
689 3023 713 3081 1,
732 3020 755 3071 5.

124 3086 184 3138 Aut
204 3082 350 3152 sperares
382 3100 428 3137 am
446 3082 589 3151 ceciditque
606 3083 637 3138 ia
723 3090 747 3138 3.
767 3083 822 3153 Qai
839 3083 869 3137 ia
886 3083 970 3137 classe
986 3085 1075 3136 eraut:
1094 3082 1201 3137 dieBe·

120 3156 214 3222 straqe
230 3100 483 3221 scoramuqmpiqer
500 3151 538 3205 ad
556 3151 637 3205 letam
689 3168 830 3231 mannung
852 3152 899 3205 der
921 3150 1124 3220 Kriegsschiiie.
1158 3151 1200 3206 Ζιι

123 3225 151 3276 et
165 3219 275 3289 fortis
286 3219 417 3273 virtute
428 3222 551 3274 coacta.
578 3218 637 3274 Das
688 3222 782 3285 denen,
800 3221 844 3275 dus
861 3219 919 3274 sich
935 3224 1062 3284 rotteten,
1085 3220 1199 3289 gehdrte

122 3291 219 3358 Haupt
251 3287 337 3343 (luros
366 3289 459 3343 wurde
487 3303 522 3341 zu
556 3288 637 3353 dubo,
687 3291 756 3345 auch
769 3288 886 3344 Asinius
904 3288 991 3342 Pollio
1010 3293 1055 3354 (zu
1075 3292 1097 3355 1,
1115 3293 1156 3354 36,
1170 3293 1198 3356 2,

120 3358 225 3413 seinem
236 3355 423 3427 persb'nlichen
435 3356 537 3411 Fsinde
549 3364 581 3421 lc.
594 3361 636 3423 25,
686 3365 756 3428 App.
769 3363 794 3422 2,
805 3362 848 3422 45,
864 3360 912 3411 185
930 3373 957 3411 u.
977 3360 1019 3423 46,
1034 3360 1101 3425 181),
1120 3357 1199 3411 Cani-

121 3433 160 3491 4),
185 3425 317 3495 gebracht
340 3425 424 3494 (App.
447 3429 476 3490 2,
498 3428 634 3493 45181),
686 3426 749 3481 nius
777 3425 889 3481 Rebilus
919 3430 953 3489 12,
979 3429 1021 3490 34,
1048 3428 1082 3490 6),
1111 3425 1198 3479 wahr-

119 3493 402 3565 mrpaaPaaca'taoea
415 3493 490 3547 callo
502 3497 636 3548 contectas
685 3494 833 3549 schainlich
856 3492 925 3547 auch
943 3494 991 3547 Cn.
1009 3492 1148 3547 Domitius
1166 3497 1198 3557 (o.

126 3563 208 3620 Cardo
228 3564 304 3617 basto
323 3563 434 3628 (Lucan.
451 3567 477 3629 4,
497 3562 592 3628 8691.)
687 3567 729 3629 42,
748 3567 784 3628 3).
817 3562 894 3630 App.
917 3565 942 3626 2,
959 3565 1001 3625 46,
1021 3564 1081 3614 187:
1108 3558 1197 3627 Φλάμ-

157 3638 180 3686 5.
201 3632 416 3686 demonstratum
433 3634 482 3685 est:
509 3647 531 3684 c.
550 3633 591 3698 39,
610 3634 634 3684 6.
685 3649 739 3698 ,scas
755 3635 808 3698 μὲν
826 3634 841 3681 d
858 3634 993 3697 ναύαρχοι
1010 3633 1107 3681 αὐτίκα
1120 3630 1196 3698 ἔφευ-

685 3720 733 3767 γεν
752 3701 827 3764 αὐτῷ
845 3694 943 3761 στόλῳ,
969 3704 1037 3766 πρίν
1058 3716 1120 3748 τινα
1139 3705 1196 3748 τῶν

154 3767 198 3822 13.
227 3773 249 3821 1.
266 3767 362 3848 Rufus
386 3770 523 3834 quaestor:
552 3783 574 3821 c.
592 3769 633 3832 23,
685 3773 731 3819 sal
751 3773 797 3834 τῆς
808 3771 855 3836 γῆς
868 3761 1150 3832 communitatum
1164 3762 1194 3816 d’

120 3837 272 3902 5·-8u08‚
291 3836 335 3890 dle
348 3840 363 3889 5
376 3835 519 3900 Cohortem,
536 3833 632 3889 dieals
685 3842 711 3887 ds
735 3841 797 3887 rods
823 3842 1035 3902 παρορμοῦντας
1061 3838 1197 3902 ἐμπόρους

123 3899 362 3972 Lagerbesateung
403 3904 632 3972 zurichgelassen
684 3907 790 3968 ἀκατίῳ
814 3899 978 3955 διαπλεύσας
994 3898 1084 3953 adsero
1102 3906 1196 3954 αὐτῶν

173 3995 253 4037 Caesar
265 3997 290 4039 B.
303 3997 351 4041 civ.
365 3999 397 4041 11.
407 3997 464 4040 unt.
1007 3989 1040 4039 ll
